2984 5009
684 446 782 543 96
1225 445 1306 513 c,
1359 422 1703 515 PLINII
1744 446 1969 515 NAT.
2026 418 2281 517 His‘r.

685 579 904 653 cturni
949 602 1135 648 rores
1180 592 1505 647 caventur
1526 576 1599 644 ¹⁰.
1644 581 1727 648 In
1762 578 1949 649 fictili
1987 580 2259 651 condita
2287 578 2555 677 melligo
2582 579 2815 678 colligi-

687 703 798 757 tur
841 713 858 755 :
905 684 1187 755 subinde
1245 685 1498 785 Cyprio
1550 709 1681 754 aere
1740 701 2065 757 servatur.
2126 690 2404 783 Optima
2456 713 2603 784 quae
2651 689 2815 769 rufa,

685 795 1036 888 acriorque
1076 806 1146 861 et
1191 791 1458 862 aridior.
1477 793 1793 864 Pretium
1822 794 2179 889 omphacio
2219 796 2289 865 in
2320 795 2526 865 libras
2549 794 2593 819 ¹¹
2632 821 2699 865 x.
2731 818 2814 865 vx.

683 904 790 973 Fit
823 914 894 971 et
931 898 1064 968 alio
1105 898 1310 968 modo
1330 951 1349 986 ,
1407 924 1616 994 quum
1666 901 1735 968 in
1790 902 2123 971 mortariis
2166 926 2299 971 uva
2344 904 2697 973 immatura
2738 916 2818 971 te-

684 1008 911 1077 ritur:
951 1007 1326 1100 siccataque
1347 1006 1417 1073 in
1447 1004 1637 1094 Sole,
1673 1022 1905 1102 postea
1940 1008 2325 1138 degeritur
2306 1035 2376 1078 in
2382 1008 2723 1105 pastillos.

613 1144 644 1181 ι
793 1116 975 1183 LXI.
1015 1102 1752 1205 (xxv111.)Eodem¹et
1790 1112 2040 1209 bryon²
2080 1117 2406 1211 pertinet,
2440 1141 2571 1185 uva
2607 1113 2817 1211 populi

683 1216 867 1292 albae.
903 1222 1175 1315 Optima
1211 1220 1390 1289 circa
1427 1219 1728 1289 Gnidum
1772 1236 1890 1291 aut
1922 1222 2247 1292 Cariam
2226 1249 2299 1291 in
2328 1222 2699 1293 sitientibus
2715 1234 2823 1289 aut

683 1329 916 1412 siccis,
961 1327 1345 1466 asperisque
1389 1354 1404 1395 τ
1453 1327 1803 1397 secunda
1784 1353 1854 1397 1n
1891 1330 2113 1423 Lyciae
2158 1315 2406 1399 cedro³
2413 1383 2430 1399 .
2477 1328 2729 1399 Eodem
2764 1342 2825 1397 et

683 1421 1040 1505 oenanthe⁴
1086 1435 1435 1563 pertinet:
1482 1448 1589 1504 est
1626 1448 1849 1505 autem
1886 1436 2043 1505 vitis
2080 1435 2404 1507 labruscae
2442 1461 2628 1505 uva:
2658 1433 2821 1505 colli·

685 1544 865 1638 gitur
899 1566 1108 1636 quum
1145 1524 1402 1627 ssoret⁵‚
1452 1539 1522 1609 id
1558 1555 1693 1628 est,
1735 1567 1939 1639 quum
2006 1544 2258 1637 optime
2320 1542 2511 1614 olet:
2560 1543 2825 1613 siccatur

683 1652 753 1717 in
790 1647 1032 1717 umbra
1063 1646 1398 1716 substrato
1425 1645 1666 1734 linteo,
1696 1663 1897 1743 atque
1932 1649 2002 1716 in
2034 1649 2240 1719 cados
2278 1649 2619 1720 conditur.
2661 1652 2824 1718 Prae-

682 1757 878 1849 cipua
906 1779 988 1824 ex
1019 1738 1561 1847 Parapotamia:
1600 1754 1894 1825 secunda
1922 1755 2006 1823 ab
2029 1755 2388 1826 Antiochia
2404 1770 2652 1851 ,atque
2672 1757 2827 1825 Lao·

683 1862 872 1931 dicea
897 1861 1155 1956 Syriae:
1190 1861 1388 1929 tertia
1423 1885 1509 1929 ex
1532 1862 1871 1931 montibus
1908 1860 2211 1931 Medicis.
2248 1866 2413 1932 Haec
2441 1861 2669 1933 utilior
2702 1885 2828 1929 me-

681 1969 931 2040 dicinae.
966 1965 1260 2057 Quidam
1287 1966 1640 2037 omnibus⁷
1669 1968 1747 2037 iis
1760 1966 2131 2063 praeferunt
2150 1992 2297 2038 eam
2316 1994 2507 2064 ,quae
2531 1971 2603 2040 in
2620 1970 2832 2063 Cypro

679 2198 776 2233 cus
799 2198 832 2233 e
857 2178 969 2231 vite
993 2194 1304 2249 expressus,
1343 2178 1456 2231 sive
1486 2178 1717 2249 ompha-
1806 2194 1933 2231 cum
1960 2179 2100 2249 bryo
2117 2217 2133 2243 ,
2162 2178 2373 2234 Plinius
2403 2178 2677 2235 diana-uit.
2702 2180 2832 2231 Du..

680 2260 826 2313 cium
851 2258 1054 2330 ipsum,
1087 2258 1134 2309 lc
1159 2259 1342 2327 vorjus.
1367 2255 1472 2311 Sed
1496 2257 1587 2310 hic
1621 2274 1718 2327 pa·
1890 2257 1945 2312 3.
1978 2258 2145 2331 Lyce'oe
2170 2259 2330 2313 eodm.
2355 2261 2442 2313 De
2468 2259 2639 2314 cedro
2656 2257 2835 2332 Lycia,

680 2338 836 2394 randi
853 2338 1046 2393 modus
1067 2336 1348 2391 obsolevit.
1371 2338 1557 2389 lium.
1804 2336 1948 2389 libro
1992 2356 2104 2407 seq.
2154 2356 2273 2410 cap.
2315 2357 2338 2392 ι
2357 2357 2381 2392 1
2409 2360 2423 2392 ε
2470 2341 2623 2412 Βρύον
2666 2340 2723 2393 τὸ
2763 2336 2837 2390 ἐπὶ

772 2438 858 2474 10.
893 2419 1139 2473 Nocturni
1172 2436 1306 2468 rores
1332 2426 1579 2468 caventur.
1612 2414 1720 2467 Ob-
1806 2412 2039 2485 κεδρίνων
2060 2418 2395 2490 ιὺρισιιόμινον
2414 2420 2571 2483 ξὺλων
2587 2456 2605 2485 ,
2630 2416 2773 2491 quod
2788 2416 2837 2468 in

681 2513 822 2555 sunt
860 2499 1034 2563 enim,
1075 2495 1365 2568 quominus
1405 2495 1715 2567 spissescat,
1806 2495 2042 2550 cedrinis
2067 2497 2227 2569 lignis
2247 2500 2554 2573 reperitur,
2580 2514 2841 2554 commen·

681 2593 1023 2652 cogaturque.
1049 2576 1306 2629 Κωλὺουσι
1333 2574 1430 2646 γὰρ
1465 2576 1517 2628 αἱ
1544 2570 1713 2646 δρόσοι
1802 2573 1897 2628 dat
1914 2576 2073 2629 etiam
2096 2576 2330 2632 Galenus
2346 2618 2364 2643 ‚
2388 2578 2497 2633 lib.
2518 2580 2619 2633 vl.
2641 2578 2709 2632 de
2724 2574 2839 2631 Fac.

682 2662 770 2719 τὴν
801 2661 1042 2711 σύστασιν
1071 2657 1253 2721 αὐτοῦ,
1278 2655 1460 2708 Dione.
1480 2655 1577 2708 lib.
1600 2655 1710 2717 III,
1802 2654 1974 2725 Simp.
2002 2654 2147 2711 med.
2180 2676 2302 2729 pag.
2338 2662 2480 2713 166.
2506 2659 2692 2713 Ham).

683 2758 800 2812 pag.
831 2739 884 2792 5.
925 2738 1109 2790 Ηιιιυ.
1887 2741 1941 2799 4.
2008 2736 2300 2789 OEnantbe.
2356 2738 2585 2797 Οἰνάνθη
2608 2777 2627 2806 ,
2680 2734 2847 2808 inquit

769 2836 859 2871 11.
901 2818 964 2871 In
1034 2814 1183 2867 libras
1241 2813 1319 2867 Χ.
1367 2814 1461 2869 VI.
1513 2816 1711 2867 Denar.
1803 2815 1981 2869 Dionc.
2014 2814 2114 2870 lib.
2154 2818 2227 2883 V,
2257 2835 2375 2889 cap.
2424 2818 2497 2885 5,
2542 2816 2839 2873 Καιλιῖταιὸ

684 2898 825 2963 seni,
857 2904 890 2961 4
919 2897 988 2951 fr.
1017 2900 1090 2957 ²4
1115 2913 1162 2948 c.
1195 2895 1304 2949 En.
1802 2900 1893 2957 τῆς
1938 2896 2113 2967 ἀγρίας
2165 2897 2391 2968 ἀμπέλου
2459 2900 2657 2972 καρπὸς
2702 2896 2841 2951 ὁπότε

763 2975 909 3031 LXI.
959 2995 1008 3030 1.
1051 2974 1259 3027 Eodem.
1307 2973 1395 3027 Ad
1441 2986 1714 3046 unguenta
1804 2975 1966 3040 ἄνθιῖ,
1994 2976 2121 3029 vitis
2148 2975 2433 3046 silvestris,
2460 2979 2580 3033 sive
2596 2980 2843 3033 labrum

685 3056 921 3112 facienda
935 3096 951 3121 ,
995 3074 1116 3127 quae
1153 3073 1218 3107 ex
1253 3054 1397 3107 silvis
1433 3067 1711 3125 petuntur.
1800 3052 2027 3121 fi-uctus,
2052 3074 2223 3129 quum
2236 3055 2425 3111 floret:
2451 3060 2554 3131 qui
2570 3058 2845 3113 maturita-

689 3170 762 3181 -
806 3140 888 3191 De
918 3136 1059 3207 bryo
1088 3132 1200 3187 vid.
1233 3136 1458 3188 Excurs.
1492 3136 1602 3188 ΧΠ
1643 3132 1715 3189 ad
1802 3148 1913 3190 tem
1948 3154 2246 3208 numquam
2287 3140 2623 3209 assequitur.
2662 3138 2841 3191 Ηιιιιι).

684 3218 882 3272 cnloem
911 3216 1073 3286 hujus
1094 3214 1240 3267 libri.
1263 3215 1372 3267 En.
1888 3215 1940 3270 5.
1966 3217 2563 3288 QuumflooetJnMSS.
2584 3218 2842 3290 cumflon.

769 3318 820 3351 a.
862 3297 1052 3368 Btyon.
1085 3286 1265 3365 B'pitov,
1310 3311 1429 3366 qum
1457 3306 1565 3348 vox
1598 3312 1716 3347 mu·
1802 3294 2050 3367 Geopon.
2086 3308 2303 3363 auctor,
2340 3297 2437 3353 lib.
2469 3298 2554 3366 V,
2580 3318 2701 3371 οη).
2732 3304 2801 3367 49
2826 3314 2842 3347 =

681 3396 831 3433 scum
854 3388 1004 3432 sonat
1018 3414 1034 3443 ,
1057 3374 1224 3430 Gallis
1247 3394 1429 3427 ηοω-σε
1447 3393 1468 3427 .·
1486 3385 1548 3427 ut
1578 3372 1714 3427 dixi-
1800 3378 2030 3433 Δηπτῦον
2071 3378 2159 3434 τὴν
2208 3378 2429 3435 οἶνάνθην
2434 3418 2539 3433 .....
2580 3378 2728 3451 παρὰ
2766 3378 2843 3429 τὸν

685 3475 802 3513 mus
820 3476 938 3528 cap.
976 3456 1004 3509 5
1020 3474 1042 3509 1
1054 3457 1142 3529 ..A
1162 3452 1518 3509 similitudine
1536 3454 1714 3526 aliqua
1800 3456 1961 3526 καιρὸν
1978 3462 2063 3511 τοῦ
2088 3457 2276 3519 ἄνθους.
2299 3458 2372 3511 At
2388 3458 2673 3524 Galenus,
2693 3457 2850 3521 vm,

643 3552 646 3559 '
681 3558 839 3593 uvam
875 3538 934 3593 in
971 3536 1182 3609 populo
1219 3536 1340 3589 alba
1372 3548 1556 3601 vocat,
1595 3546 1710 3587 tum
1762 3538 1767 3545 ’
1808 3555 1867 3599 ι,
1898 3536 2036 3589 κατὰ
2074 3538 2287 3603 τόπους,
2324 3564 2349 3587 ι
2370 3536 2717 3593 OEnanthen
2754 3554 2848 3607 ap-

679 3620 784 3673 hoc
818 3619 972 3683 loco,
1003 3629 1121 3670 tum
1159 3615 1302 3669 libro
1343 3616 1567 3678 XXIV,
1613 3614 1708 3681 34.
1798 3615 1975 3687 pello,
2006 3615 2219 3688 inquit,
2248 3617 2588 3672 silvestrium
2624 3634 2847 3693 germen

681 3700 865 3751 Han.
881 3728 962 3739 ——
979 3696 1180 3767 Optima
1196 3698 1326 3748 circa
1351 3694 1591 3759 Gnidum,
1608 3708 1707 3749 etc.
1800 3714 1925 3749 cum
1942 3696 2167 3749 floribus
2190 3722 2213 3745 a·
2245 3714 2261 3750 :
2282 3697 2529 3755 Οἰνάνθην
2546 3694 2607 3753 δ’
2622 3699 2847 3771 ὀνομάζω

681 3777 964 3848 Optimum
1015 3776 1194 3848 bryon
1212 3811 1230 3840 ,
1269 3774 1467 3829 deinde
1508 3775 1710 3847 popul·
1799 3778 1855 3828 τὸ
1896 3784 1995 3829 τῶν
2040 3777 2217 3848 ἀγρίων
2268 3778 2509 3847 ἀμπέλων
2546 3776 2855 3849 hadevigi-⁰·

679 3876 869 3915 neum,
893 3856 1112 3910 λιῦιιυιον
1141 3873 1208 3907 ex
1226 3854 1575 3921 Dioscorida
1600 3855 1711 3908 Pli-
1802 3856 1887 3909 σὺν
1914 3860 2015 3917 τοῖς
2038 3856 2249 3911 ἄνθεσιν.
2288 3858 2471 3911 Hun-

681 3937 803 3989 nius
855 3935 1042 4007 legisse
1091 3933 1305 3988 videtur
1346 3938 1541 3993 Λύκιον.
1588 3935 1711 3988 Iam
1885 3940 1941 3990 6.
1983 3936 2353 4008 Parapotamia.
2383 3939 2467 3990 De
2496 3937 2593 3991 his
2620 3936 2855 4009 regioni·

679 4029 834 4071 antea
879 4034 998 4086 cap.
1053 4012 1122 4070 50
1167 4018 1233 4068 de
1281 4014 1550 4087 sphagno,
1597 4014 1709 4068 sive
1795 4015 1903 4070 hus
1932 4016 2075 4069 libro
2100 4016 2155 4069 'V
2182 4030 2239 4071 et
2265 4017 2349 4069 vl
2367 4016 2641 4073 diximus.
2664 4020 2855 4073 Han).

598 4127 601 4130 ·
679 4095 976 4170 aplanchno
991 4133 1008 4162 ,
1049 4093 1200 4167 quod
1237 4091 1381 4148 idem
1427 4112 1540 4150 ecoe
1576 4105 1711 4165 puto
1882 4116 1934 4166 7.
1970 4095 2225 4152 Omnibus.
2240 4096 2367 4152 Non
2384 4094 2454 4151 ad
2468 4097 2731 4156 medicos
2745 4110 2857 4151 tan-
