2984 5009
915 441 1239 510 LIBER
1292 435 1457 510 xv,
2098 441 2246 544 397

148 570 337 644 colore
378 572 467 643 ad
517 595 753 642 aurum
806 571 1143 642 inclinato.
1208 574 1381 662 Quae
1424 560 1908 661 candidiora,³
1929 581 2252 648 nostratia

148 665 620 774 cognominata,
658 678 884 749 odoris
918 681 1460 774 praestantissimi
1509 681 1632 750 Est
1675 695 1742 750 et
1791 683 2246 778 Neapolitanis

148 811 273 855 suus
302 787 537 856 honos.
583 788 851 856 Minora
895 811 975 855 ex
1017 787 1249 856 eodem
1298 774 1578 881 genere⁴
1621 788 1918 856 struthea
1934 839 1951 870 ,
1997 790 2248 860 odora-

148 893 249 961 tius
284 893 588 976 vibrant,
644 895 937 963 serotino
972 907 1343 987 proventu,
1402 895 1684 990 praecoci
1729 917 1892 964 vero
1925 881 2246 967 ⁵.mustea

146 999 437 1068 strutheis
474 1013 699 1069 autem
744 1015 1027 1071 cotonea
1066 1002 1263 1070 insita
1310 1024 1503 1070 suum
1553 1025 1761 1096 genus
1809 1000 2025 1072 fecere
2067 1002 2244 1072 Mul·

146 1105 427 1175 vianum:
474 1130 625 1200 quae
660 1105 801 1176 sola
834 1131 916 1175 ex
954 1107 1059 1177 his
1102 1106 1207 1175 vel
1250 1107 1457 1176 cruda
1507 1106 1931 1177 manduntur.
1997 1112 2246 1179 Omnia

140 1211 249 1302 jam
284 1227 351 1281 et
382 1216 685 1282 virm-um
722 1213 1119 1284 salutatoriis
1162 1213 1490 1282 cubilibus
1528 1199 1836 1300 inclusa⁶‚
1881 1215 2246 1286 simulacris

144 1321 399 1388 noctium
422 1319 736 1389 consciis⁷
770 1321 1097 1415 imposita.
1126 1323 1297 1389 Sunt
1323 1335 1643 1414 praeterea
1663 1343 1870 1414 parva
1895 1320 2245 1408 silvestria,

143 1447 172 1491 a
193 1412 533 1496 strutheis⁸
572 1425 1065 1514 odoratissima,
1108 1428 1177 1496 in
1214 1427 1477 1521 sepibus
1514 1428 1872 1497 nascentia.

222 1535 331 1601 XI.
384 1530 572 1601 Mala
601 1531 1011 1628 appellamus
1034 1586 1053 1621 ‚
1080 1557 1460 1628 quanquam
1497 1533 1738 1603 diversi
1765 1535 2025 1628 generis
2046 1590 2067 1623 ‚
2103 1539 2252 1606 Per·
2291 1566 2312 1600 1

144 1773 273 1824 parva
320 1769 479 1819 sunt,
536 1755 769 1810 rotunda
794 1794 810 1818 ,
866 1756 1084 1810 odorata
1116 1797 1133 1824 ,
1222 1771 1395 1813 steum
1417 1759 1564 1812 enim
1591 1759 1736 1813 idem
1768 1759 1916 1832 quod
1946 1779 2147 1815 recens.
2179 1761 2250 1815 Η.

142 1836 267 1906 vulgo
277 1839 641 1907 poam-coitu
656 1857 678 1889 .·
696 1855 759 1889 ex
776 1837 861 1890 his
881 1837 1135 1890 Genuen-

144 1933 203 1968 ses
222 1935 371 1968 snum
410 1916 843 1969 delicatissimum
880 1915 1135 1989 cydonia·

142 1996 703 2067 tamparant.Struthia
726 2013 884 2062 vero,
910 2015 1102 2068 magna
1118 2036 1135 2063 ‚

142 2073 393 2129 aeduinus
404 2076 559 2129 utilia
577 2114 593 2138 ‚
621 2077 783 2147 vulgo
799 2080 1133 2146 paim-coins.

142 2153 254 2207 Vide
270 2157 366 2208 lib.
384 2155 608 2220 XXIII,
637 2173 753 2228 cap.
796 2159 851 2209 6.
894 2158 1032 2210 Du..
1053 2189 1137 2200 --

144 2233 439 2306 chrysomela.
452 2237 761 2307 Χρυσόμηλα
773 2271 790 2298 ,
813 2255 963 2288 ama
983 2238 1131 2290 mala.

141 2312 419 2368 Columnae
450 2315 548 2369 lib.
584 2316 668 2381 V,
701 2333 819 2386 cap.
869 2334 966 2383 to,
1011 2335 1133 2387 pag.

144 2411 223 2448 ιω
236 2436 251 2456 .
282 2395 694 2468 Chnysonoeliaua.
744 2396 873 2450 Hac
920 2410 1041 2449 sunt
1068 2395 1137 2450 de

140 2474 305 2542 quibus
331 2475 595 2546 Virgilius
630 2475 822 2528 recinit
860 2494 873 2528 :
906 2497 927 2520 κ
959 2477 1134 2529 Aurea

140 2555 247 2610 mla
270 2554 456 2608 decem
484 2555 608 2608 misi
640 2573 789 2609 acras
816 2555 979 2610 altera
1005 2556 1135 2609 mit-

139 2645 239 2688 ttm.
262 2659 287 2682 ι
316 2634 501 2687 Hm.
772 2649 777 2656 “

200 2713 248 2767 3.
263 2716 537 2770 Nostmtia.
552 2715 681 2769 Haec
702 2715 879 2770 Diosc.
900 2717 1106 2773 ἀληθινὰ
1119 2754 1135 2781 ,

139 2811 233 2848 m
256 2796 516 2868 appellat,
544 2795 638 2848 lib.
662 2797 690 2848 1
710 2833 728 2859 ,
756 2813 873 2866 cap.
904 2799 1028 2850 160.
1062 2796 1132 2848 H.

201 2884 247 2940 4.
272 2877 472 2928 Minor-u
500 2895 563 2927 ex
582 2877 745 2928 eodem
764 2895 955 2945 gener-e.
996 2877 1134 2930 Nea-

138 2955 343 3022 politano
364 2955 617 3010 videlicet
644 2975 659 3008 ε
691 2955 891 3028 alioqui
918 2957 1135 3028 ςρουθία,

138 3037 427 3090 testeDiose.
449 3037 487 3089 1.
508 3053 557 3089 c.
576 3049 858 3107 etmagns,
886 3049 939 3092 et
960 3037 1137 3090 minus

136 3111 249 3168 hona
258 3128 556 3179 censentur,
569 3115 653 3169 καὶ
668 3115 974 3187 μεγάλα,κά
984 3112 1133 3175 ἧττόν

138 3193 217 3252 iet,
234 3197 469 3267 οὗχρηςα..
479 3196 715 3250 Galenus
727 3215 944 3267 quoque
959 3197 1057 3250 lib.
1067 3195 1136 3250 de

138 3272 275 3330 snit.
295 3274 497 3330 tuenda
514 3293 660 3346 ,σιμ
692 3276 787 3329 ult.
810 3277 1135 3348 ςρουθιόμηλα

136 3353 467 3422 qdoniorum
510 3373 623 3408 esse
668 3355 901 3409 maxima
952 3355 1132 3410 tradit.

136 3435 366 3504 Στροωιια.
394 3445 519 3488 sunt
560 3435 817 3488 Athenae
837 3473 853 3500 ‚
893 3435 989 3489 lib.
1020 3436 1135 3503 III,

136 3529 235 3584 pag.
256 3517 347 3577 81,
364 3517 695 3584 pois-es-ooim.
724 3513 793 3569 H.
831 3545 911 3559 --
936 3515 1135 3586 Major-a

136 3593 504 3647 mma-ndum
550 3605 702 3665 putat
750 3595 1027 3648 Broterius
1070 3614 1135 3648 ex

136 3671 460 3739 Dioscorida,
496 3674 594 3727 lib.
637 3676 693 3732 1,
725 3691 842 3745 cap.
882 3679 1028 3743 1603
1069 3693 1135 3728 ex

135 3749 317 3806 Caleno
345 3755 473 3808 item
505 3753 601 3807 lib.
624 3751 693 3806 de
718 3753 953 3807 sanitate
986 3767 1139 3808 tuen·

134 3827 191 3883 ds
206 3869 221 3894 ,
246 3849 351 3905 esp.
374 3835 586 3888 ultimo.
610 3833 715 3887 En.

206 3911 259 3964 5.
282 3914 485 3967 Masta.
526 3915 599 3968 Et
624 3912 680 3967 id
707 3932 873 3986 genus
900 3932 929 3966 a
966 3914 1135 3968 Colu-

138 3989 275 4044 mella
296 3991 567 4048 laudatum
582 4033 599 4058 ‚
622 3994 661 4046 l.
688 3993 839 4047 c.'1is
861 3994 1080 4048 fortasse
1107 4012 1137 4048 a

136 4068 411 4127 minuendi
448 4073 720 4128 celer-itate
756 4093 974 4128 nomen.
1014 4075 1139 4128 Mu-

1308 1843 1360 1891 6.
1406 1838 1720 1892 Salutatoriir
1768 1839 2002 1894 eubilibus
2048 1841 2249 1894 inclusa.

1222 1919 1311 1972 Sic
1332 1919 1580 1973 cubicula
1601 1933 1754 1972 vocat
1767 1958 1784 1984 ,
1811 1919 1868 1973 in
1896 1920 2092 1992 quibus
2111 1918 2251 1972 divi·

1222 2010 1328 2050 tem
1350 2018 1380 2052 e
1407 1998 1734 2052 dormitorio
1758 2017 1858 2052 suo
1891 1997 2249 2070 prodeuntem

1221 2079 1524 2132 communis
1551 2079 1781 2141 amicus,
1827 2091 1889 2131 ut
1919 2079 2094 2151 inquit
2131 2079 2249 2132 Ma-

1220 2159 1381 2211 nilius
1409 2157 1506 2211 lib.
1539 2159 1625 2223 V,
1671 2158 1932 2212 salutabat
1961 2178 1975 2211 :
2027 2158 2098 2213 de
2137 2177 2249 2232 quo

1220 2239 1477 2292 Martialis
1497 2277 1514 2304 ,
1561 2265 1584 2287 ι
1625 2239 1694 2291 Et
1717 2237 2041 2292 matutinum
2069 2251 2251 2312 portat

1224 2319 1462 2389 ineptus,
1476 2321 1606 2372 Ave.
1625 2343 1649 2366 n
1669 2317 1839 2371 Turn.
1859 2318 1955 2372 lib.
1981 2319 2251 2385 XXVIII,

1222 2417 1339 2469 cap.
1379 2397 1468 2452 13.
1502 2397 1590 2451 Ad
1609 2397 1804 2450 horum
1822 2411 1998 2451 autem
2029 2397 2252 2454 cubicu-

1220 2479 1398 2532 lorum
1418 2491 1664 2532 ornatum
1689 2489 1884 2532 erectas
1904 2491 1958 2532 et
1979 2495 2254 2549 compara·

1223 2571 1299 2611 tas
1348 2557 1631 2630 imagines,
1675 2558 1956 2611 simulacra
2007 2559 2250 2613 noctium

1222 2638 1438 2692 conscia
1472 2637 1722 2708 appellat.
1743 2639 1948 2691 Dante.
1973 2667 2053 2679 ——
2079 2637 2256 2692 Accu·

1220 2719 1470 2771 ratiorem
1498 2717 1991 2790 interpretationem
2020 2719 2253 2790 reperies

1222 2796 1370 2869 apud
1391 2798 1693 2852 Casaubon.
1711 2817 1872 2869 super
1885 2798 2106 2853 Sueton.
2126 2817 2249 2871 pag.

1224 2897 1310 2950 70.
1338 2879 1389 2930 H
1395 2895 1522 2931 uu).

1302 2977 1356 3030 7.
1374 2959 1604 3013 Noctium
1617 2961 1833 3011 consciis.
1854 2957 1898 3010 F
1899 2969 2092 3011 uerunt
2112 2957 2258 3012 inter

1220 3037 1554 3092 cubiculares
1580 3038 1838 3110 imagines
1857 3050 1910 3090 et
1931 3055 2122 3090 eorum
2146 3057 2253 3090 nu·

1222 3119 1431 3170 minum
1474 3117 1756 3172 simulacra
1805 3115 2082 3181 dedicata,
2131 3134 2253 3189 qun

1222 3198 1327 3250 tori
1352 3197 1572 3269 genialis
1611 3215 1794 3252 curam
1836 3196 2033 3251 habere
2071 3197 2256 3250 existi-

1223 3278 1523 3330 mabantur.
1541 3279 1762 3349 August.
1777 3275 1847 3329 de
1869 3277 1988 3330 civ.
2003 3276 2104 3328 Dei
2117 3313 2135 3341 ‚
2155 3276 2250 3329 lib.

1221 3357 1333 3420 v1,
1380 3373 1498 3427 cap.
1533 3375 1567 3426 9
1606 3373 1622 3408 z
1667 3378 1690 3400 ·
1722 3356 1978 3410 Parcatur
2005 3356 2256 3409 humano

1220 3433 1555 3490 verecundia!
1574 3453 1590 3488 ε
1609 3448 1830 3507 peragat
1852 3448 2036 3489 catera
2058 3451 2256 3488 concu-

1222 3515 1482 3586 piscentia
1511 3514 1686 3568 carnis
1709 3528 1762 3568 et
1787 3513 2060 3584 sanguinis
2081 3554 2096 3579 ‚
2125 3531 2256 3584 pro·

1224 3607 1411 3649 curato
1450 3607 1658 3648 secreto
1698 3593 1938 3666 pudoris.
1976 3591 2124 3658 Quid
2152 3593 2256 3646 im-

1221 3676 1403 3748 pletur
1423 3675 1733 3730 cubiculum
1761 3673 1918 3728 turbs
1945 3673 2257 3741 numinum,

1224 3753 1441 3828 quando
1468 3769 1524 3808 et
1545 3753 1904 3826 paranymphi
1925 3753 2054 3807 inde
2085 3751 2256 3807 disce-

1224 3833 1403 3889 dunt?
1436 3859 1459 3882 n
1490 3835 1703 3888 Horum
1731 3834 2018 3888 numinum
2059 3833 2220 3906 capiti
2241 3873 2257 3900 ,

1224 3915 1308 3970 uti
1336 3931 1487 3968 nunc
1518 3914 1696 3968 abacis
1713 3954 1729 3981 ,
1754 3913 1909 3968 solita
1935 3913 2144 3985 imponi
2165 3931 2258 3966 oo-

1226 4008 1406 4050 tonet.
1431 3995 1617 4049 nun.

1310 4079 1362 4130 8.
1388 4077 1443 4128 A
1466 4075 1713 4129 strutheis.
1735 4075 1862 4128 Post
1873 4072 2128 4129 struthea.
2146 4071 2220 4126 Η.
