2984 5009
729 441 867 513 262
1437 441 1998 511 EXGURSUS
2038 443 2144 512 11.

719 573 1040 645 psomloe‘dem
1058 612 1074 638 ,
1101 569 1170 625 ad
1196 570 1373 644 Caput
1392 571 1554 624 Bonae
1579 570 1703 643 Spei
1727 570 2082 637 habitantem,
2108 588 2235 625 cum
2258 569 2456 624 Rivino
2475 561 2829 643 quondam(1)

729 652 975 724 Cytisum
995 652 1231 717 vocavit,
1255 673 1286 706 a
1311 670 1421 724 quo
1452 665 1625 705 tamen
1668 664 1722 705 et
1756 650 2023 723 legumine
2059 649 2280 718 lineari,
2304 663 2358 704 et
2394 651 2585 704 calcari
2606 651 2829 704 subulato

728 733 914 806 patulo
944 735 1138 787 carinae
1175 731 1376 786 differt.
1419 730 1703 785 Robiuiam
1734 735 1921 795 mitem,
1945 749 2065 802 qun
2090 731 2267 802 calyce
2290 729 2594 803 quadrifido
2618 744 2671 785 et
2698 730 2829 802 legu-

724 815 871 866 mine
891 814 1052 885 gibbo
1071 811 1298 884 gaudet,
1329 812 1526 883 Cytisis
1552 810 1695 865 idem
1716 811 1982 864 accensuit
2000 811 2130 864 olim
2152 803 2259 880 (a).
2288 811 2375 866 Sic
2405 811 2671 883 Lipariam
2698 830 2829 881 oppo-

726 895 869 944 sitam
890 933 907 958 ,
934 896 1084 966 cujus
1102 894 1370 947 character
1387 892 1503 946 aliis
1526 891 1740 944 coronae
1764 891 1985 944 inferius
2008 891 2227 950 bilobis,
2276 890 2613 962 staminisque
2636 891 2829 960 majoris

651 961 662 985 '
726 971 976 1026 dentibus
1005 973 1172 1026 tribus
1192 972 1526 1025 brevioribus
1542 1009 1559 1036 ,
1581 982 1857 1040 tantopere
1890 969 2074 1024 differt
2096 990 2127 1025 a
2160 968 2357 1041 Cytiso,
2380 972 2495 1040 ejus
2525 984 2696 1024 tamen
2722 987 2826 1041 spe·

729 1053 866 1105 ciem
888 1053 1180 1124 Capensem
1205 1050 1390 1106 habuit
1411 1040 1517 1119 (3).
1540 1049 1813 1104 Sibiricam
1824 1050 2059 1122 plantam
2074 1087 2091 1116 ,
2118 1069 2277 1122 quam
2294 1089 2312 1117 ,
2340 1052 2413 1104 ob
2434 1051 2660 1104 carinam
2680 1063 2827 1102 trans·

721 1150 874 1184 verse
907 1134 1145 1186 obtusam
1163 1171 1180 1198 ,
1211 1129 1568 1201 articulosque
1598 1129 1882 1201 leguminis
1912 1149 2345 1202 monospermos.
2390 1131 2641 1184 Linuaeus
2664 1127 2827 1200 Hedy-

721 1211 856 1266 aaris
876 1211 1277 1274 adnumeravit,
1303 1211 1495 1281 Hedys.
1523 1211 1747 1282 junceum
1778 1228 1895 1263 eam
1918 1210 2221 1282 appellans,
2243 1211 2577 1266 Ammannus
2602 1210 2825 1281 Cytisum

721 1294 975 1345 saxatilem
1002 1293 1208 1365 primus
1237 1291 1606 1358 nominaverat
1633 1280 1731 1360 (4).
1764 1291 2029 1361 Aspalathi
2056 1303 2315 1360 argentea,
2347 1292 2565 1355 callosa,
2602 1289 2826 1342 orientalis

721 1384 776 1424 et
803 1373 1128 1445 quinquefolio
1155 1368 1541 1425 Tournefortio
1570 1381 1623 1424 et
1655 1369 1970 1424 Plukeuetio
1997 1370 2219 1424 nomine
2260 1371 2571 1440 Cytisorum
2604 1369 2825 1424 veniunt.

723 1452 831 1516 Qui
863 1471 1068 1506 errores
1094 1471 1122 1505 a
1145 1449 1313 1504 nostri
1339 1449 1437 1502 mvi
1469 1449 1726 1503 botanicis
1750 1449 2108 1504 celeberrimis
2134 1449 2440 1517 commissi,
2458 1462 2703 1504 excusant
2722 1467 2824 1502 om·

717 1532 851 1583 nino
869 1534 1098 1603 majores
1120 1543 1357 1594 nostros,
1381 1529 1424 1582 si
1446 1531 1514 1583 ah
1542 1529 1808 1583 adfinibus
1824 1529 2019 1602 plantis
2044 1529 2391 1602 leguminosis
2416 1546 2607 1584 verum
2622 1529 2824 1602 cytisum

721 1609 1046 1681 distinguere
1069 1631 1177 1664 nou
1205 1610 1498 1682 potuerint.

799 1691 920 1762 Ipsa
941 1697 1120 1744 ‘autem
1159 1689 1495 1744 consulamus
1532 1689 1839 1761 priscorum
1880 1699 2158 1744 auctorum
2211 1690 2372 1743 verba
2404 1687 2474 1742 de
2510 1687 2710 1760 cytiso,
2732 1698 2787 1740 ut
2806 1726 2819 1748 .

719 1771 890 1842 qualis
909 1770 978 1823 sit
1000 1775 1306 1823 nostrorum
1330 1783 1671 1842 systematum
1690 1770 1898 1841 planta,
1930 1767 2165 1824 dilucide
2181 1781 2372 1841 pateat.
2400 1769 2577 1822 Prima
2602 1770 2711 1823 fere
2729 1769 2823 1838 ejus

721 1849 926 1903 mentio
953 1851 1014 1904 fit
1037 1848 1180 1922 apud
1207 1849 1574 1914 Aristotelem,
1601 1849 1726 1921 qui,
1762 1868 1952 1921 augere
1977 1849 2058 1901 lac
2084 1849 2403 1912 brutorum,
2441 1866 2505 1902 eo
2538 1861 2791 1921 pastorum
2807 1884 2821 1910 ,

720 1927 1135 2002 haudquaquam
1151 1949 1280 1984 vero
1293 1932 1478 2001 juvare
1498 1968 1515 1996 ,
1542 1947 1709 2002 quum
1736 1929 1955 1994 floreat,
1978 1929 2049 1982 ob
2075 1942 2314 1983 urentem
2338 1941 2434 1982 aut
2460 1947 2637 1982 acrem
2659 1945 2822 2000 quam·

721 2008 842 2063 dani
871 2011 1004 2068 vim,
1036 2009 1199 2064 tradit
1231 2001 1316 2078 (5)
1348 2029 1360 2061 :
1387 2028 1547 2082 quam
1564 2008 1783 2082 quidem
1808 2007 2103 2062 Aristotelis
2136 2009 2449 2064 sententiam
2487 2010 2693 2082 egregie
2714 2025 2821 2060 con·

721 2089 898 2143 firmat
919 2089 1127 2144 Honor.
1173 2089 1384 2151 Bellus,
1416 2089 1550 2142 dum
1585 2089 1653 2142 de
1690 2090 1861 2162 cytiso
1902 2108 2000 2143 suo
2035 2087 2271 2162 loquitur
2308 2079 2409 2158 (6).
2449 2089 2821 2162 Theophrastus

721 2170 870 2222 omni
898 2167 1254 2242 descriptione
1282 2169 1551 2223 abstinens
1568 2207 1582 2228 .
1626 2169 1895 2222 materiem
1942 2168 2096 2238 cytisi
2140 2169 2495 2223 firmissimam
2534 2181 2657 2223 cum
2700 2167 2821 2236 ligno

719 2247 858 2302 ilicis
889 2262 1191 2323 comparat,
1219 2263 1272 2303 et
1309 2248 1654 2321 nigerrimam
1671 2248 1910 2304 eamdem
1932 2267 2055 2301 cum
2074 2248 2273 2316 ebeno,
2288 2267 2478 2302 necare
2500 2260 2677 2304 tamen
2692 2247 2820 2320 plau·

713 2340 793 2384 tas
822 2329 1021 2392 vicinas
1047 2330 1119 2382 ob
1145 2329 1465 2400 πολυτροφὶαν
1490 2317 1595 2400 (7).

797 2409 1168 2482 Principatum
1191 2408 1400 2462 dedisse
1425 2409 1687 2479 Antiquos
1709 2407 1878 2480 cytiso
1901 2407 1956 2462 in
1982 2407 2219 2480 pabulis,
2248 2408 2333 2463 vel
2360 2406 2485 2462 inde
2504 2417 2676 2480 patet,
2694 2399 2817 2478 quod

717 2500 772 2542 et
792 2489 1132 2543 Democritus
1147 2526 1166 2554 ,
1191 2501 1244 2542 et
1272 2487 1669 2541 Aristomachus
1689 2487 2049 2554 Atheniensis,
2076 2501 2131 2542 et
2156 2488 2547 2559 Amphilochus
2573 2479 2657 2554 (8)
2681 2503 2818 2558 pecu·

717 2569 872 2622 iim-es
900 2568 966 2623 de
993 2590 1058 2622 eo
1081 2566 1488 2640 conscripserint
1511 2567 1710 2634 libros,
1733 2588 1761 2618 e
1787 2567 1981 2638 quihus
2010 2579 2126 2620 tum
2146 2569 2444 2622 Columella
2459 2608 2474 2630 ,
2508 2578 2621 2622 tum
2642 2565 2817 2619 Plinius

717 2649 951 2702 hausisse
969 2649 1236 2712 videntur.
1261 2645 1629 2701 Aristomachi
1644 2646 1895 2700 volumen
1917 2649 2057 2718 forte
2080 2660 2311 2701 verterat
2325 2649 2381 2700 in
2398 2647 2622 2701 latinum
2648 2645 2816 2700 idioma

717 2727 987 2800 Hyginus,
1023 2745 1191 2801 quum
1223 2741 1277 2781 et
1302 2727 1505 2782 Plinius
1530 2724 1776 2780 eumdem
1806 2745 1931 2780 cum
1950 2727 2317 2781 Aristomacho
2344 2726 2553 2786 laudet,
2593 2738 2647 2779 et
2676 2723 2814 2780 Colu-

715 2807 873 2860 mella
903 2810 1016 2880 ejus
1046 2807 1329 2862 sententias
1353 2805 1421 2859 de
1453 2807 1640 2877 apibus
1672 2826 1735 2859 ex
1760 2805 1978 2879 Hygino
2007 2820 2389 2861 commemoret
2416 2797 2518 2878 (9).
2558 2807 2621 2858 In
2665 2801 2813 2858 insula

715 2887 964 2960 Cythno,
1011 2906 1130 2960 qun
1159 2885 1228 2940 ad
1267 2885 1525 2957 Cycladas
1560 2885 1825 2958 pertinet,
1873 2898 1927 2939 et
1972 2887 2110 2940 inter
2138 2889 2289 2942 Ceon
2312 2907 2375 2941 ac
2416 2886 2697 2958 Seriphum
2735 2881 2814 2935 sita

695 2969 820 3031 cst,
848 2967 1086 3039 primum
1126 2967 1404 3019 inventum
1433 2985 1545 3020 esse
1574 2967 1721 3019 hunc
1754 2967 2038 3033 fruticem,
2080 2978 2239 3040 atque
2274 2967 2403 3021 iude
2437 2965 2745 3020 translatum
2766 2963 2811 3015 iu

713 3067 896 3101 omues
927 3043 1212 3118 Cycladas,
1240 3064 1364 3099 mox
1387 3047 1442 3100 in
1459 3046 1625 3100 urbes
1653 3045 1898 3110 Graecas,
1940 3065 2135 3118 magno
2164 3048 2300 3102 casei
2326 3059 2627 3120 proventu,
2650 3064 2707 3099 ex
2738 3060 2813 3095 eo·

711 3126 837 3180 dem
865 3126 1236 3181 Aristomacho
1281 3139 1371 3179 aut
1414 3125 1777 3198 Amphilocho
1806 3127 1978 3182 refert
2022 3125 2245 3181 Plinius.
2295 3127 2507 3181 Nomen
2546 3123 2670 3179 inde
2700 3120 2810 3176 varii

708 3206 1021 3264 derivarunt
1036 3243 1055 3272 ,
1095 3219 1214 3260 tum
1241 3206 1455 3271 insulse,
1475 3218 1597 3260 tum
1622 3205 1827 3259 fruticis
1846 3242 1864 3272 ,
1906 3205 2048 3277 παρὰ.
2077 3212 2159 3260 τοῦ
2184 3214 2281 3261 τῶν
2304 3212 2483 3261 mosim
2514 3205 2735 3266 πλήθους,
2762 3199 2811 3254 ob

761 3409 832 3474 (ι)
865 3409 1080 3456 Amoenit.
1103 3409 1248 3456 Acad.
1267 3407 1495 3462 tom.VI,
1518 3422 1567 3453 n.
1589 3405 1676 3462 333
1696 3406 1835 3470 spec.
1858 3407 2006 3470 plaut.
2034 3407 2111 3454 ed.
2132 3407 2207 3463 11,
2228 3421 2279 3472 p.
2304 3407 2438 3464 1043.

761 3483 836 3546 (a)
867 3485 1002 3546 spec.
1021 3483 1174 3545 plaut.
1198 3482 1274 3530 ed.
1297 3484 1351 3538 1,
1381 3495 1492 3543 pag.
1518 3488 1626 3542 741.

759 3560 832 3623 (3)
862 3561 1095 3621 notatim.
1115 3559 1264 3622 plaut.
1283 3573 1345 3605 ex
1369 3557 1537 3619 Capite
1560 3559 1699 3604 Bonas
1722 3555 1863 3618 Spei,
1891 3573 1940 3618 p.
1968 3570 2025 3605 ax
2034 3571 2078 3616 7.

687 3659 694 3671 ·
757 3636 828 3698 (4)
859 3636 1000 3697 stirp.
1021 3649 1114 3682 rar.
1130 3634 1182 3680 iu
1209 3634 1377 3695 imper.
1403 3634 1543 3680 Russ.
1562 3631 1855 3694 provenient.
1876 3631 2003 3680 ieou.
2024 3643 2075 3680 et
2098 3631 2323 3696 deam-ipt.
2348 3648 2399 3696 p.
2418 3633 2529 3682 281.

755 3711 827 3772 (5)
859 3711 1040 3757 Hister.
1061 3709 1263 3757 Animal.
1282 3707 1368 3755 lib.
1396 3709 1497 3762 111,
1529 3723 1635 3770 cap.
1652 3721 1729 3763 οι,
1764 3721 1812 3768 p.
1831 3707 1939 3768 894.

755 3783 828 3846 (6)
859 3783 1006 3846 Epist.
1029 3784 1090 3830 ad
1112 3784 1166 3830 C.
1189 3781 1398 3830 Clusium
1412 3816 1427 3839 ‚
1459 3799 1509 3845 p.
1532 3783 1736 3837 ccclx,
1764 3781 1826 3843 ad
1848 3783 1965 3830 calc.
1985 3779 2113 3829 Clus.
2136 3797 2227 3830 rar.
2252 3782 2397 3846 stirp.
2422 3781 2543 3830 nist.

753 3860 825 3922 (7)
853 3858 974 3906 nist.
997 3859 1144 3922 plaut.
1167 3859 1251 3906 lib.
1276 3860 1326 3914 1,
1349 3873 1452 3922 cap.
1471 3873 1535 3921 9,
1559 3873 1608 3922 p.
1636 3873 1719 3912 103
1742 3857 1825 3904 lib.
1838 3857 1921 3912 tv,
1938 3873 1981 3905 c.
2006 3872 2087 3914 ω,
2114 3873 2166 3919 p.
2189 3873 2293 3906 roa.

749 3933 820 3997 (8)
852 3934 974 3980 Pliu.
997 3933 1085 3980 lib.
1106 3934 1251 3988 xm,
1278 3947 1380 3994 cap.
1403 3940 1491 3989 '²43
1520 3933 1804 3987 lihxvm,
1838 3947 1944 3995 cap.
1981 3931 2055 3980 15.
2100 3929 2188 3978 Hic
2224 3930 2412 3993 quidem
2450 3933 2503 3976 iu
2540 3926 2717 3976 scholiis
2751 3921 2800 3968 ad

683 4007 909 4057 Nicandri
927 4009 1138 4054 Theriac.
1163 4025 1227 4053 vs.
1247 4007 1356 4068 617.
1385 4009 1662 4056 Antilochus
1686 4024 1769 4055 seu
1795 4007 2103 4054 Archilochus
2126 4018 2347 4071 corrupta
2368 4005 2574 4055 lectione
2590 4013 2771 4052 vocatur.

745 4087 817 4150 (9)
847 4087 1034 4134 Colum.
1058 4087 1138 4133 lib.
1161 4088 1252 4142 lx.
1271 4103 1378 4150 cap.
1397 4087 1477 4142 13.
1512 4097 1561 4134 et
1580 4086 1849 4135 Schneider.
1866 4088 2127 4136 Commeat.
2150 4088 2200 4134 iu
2222 4088 2410 4138 Cotum.
2437 4103 2485 4150 p.
2506 4085 2611 4136 308.
