2984 5009
693 459 841 533 508

1208 461 1291 529 C.
1350 457 1702 526 PLINII
1755 456 1980 525 NAT.
2035 458 2300 527 ms'r.

686 596 887 664 etiam
926 606 1133 691 grata.
1169 594 1323 678 Hae,
1349 577 1606 661 mares⁸
1631 591 2010 677 dumtaxat,
2055 590 2282 660 ferunt
2321 604 2391 659 et
2418 616 2604 677 eam,
2631 618 2802 688 quam

687 702 909 770 Graeci
957 724 1157 795 sycen
1206 713 1489 782 vocant,
1533 698 1761 769 odoris
1816 698 2207 792 gravissimi.
2269 700 2524 769 Lar-icfs
2563 702 2804 771 morbus

617 820 647 871 3
686 820 825 893 est,
872 821 948 875 ut
995 806 1153 877 teda
1192 804 1369 875 fiat⁹.
1442 806 1687 875 Omnia
1739 818 1966 873 autem
2015 804 2159 875 haec
2214 828 2460 899 genera
2519 830 2803 893 accensa,

685 912 960 1010 fuligine
998 912 1391 999 immodica,
1434 912 1796 981 carbonem
1833 924 2108 1005 repente
2137 926 2477 1006 exspuunt
2504 937 2653 983 cum
2678 939 2802 983 eru·

682 1023 931 1115 ptionis
970 1022 1265 1114 crepitu,
1312 1017 1860 1113 ejaculanturque
1903 1016 2146 1112 longe3
2203 1018 2554 1113 excepta¹⁰

2603 1020 2802 1105 larice,

683 1152 831 1222 quae
856 1153 981 1199 nec
1012 1126 1241 1216 ardet,
1276 1150 1403 1195 nec
1443 1125 1805 1196 carbonem
1847 1124 2042 1212 facit,
2089 1149 2216 1195 nec
2251 1124 2382 1195 alio
2429 1126 2681 1199 modo
2664 1128 2802 1224 ignis

683 1380 924 1442 XXXV,
955 1398 1072 1451 cap.
1108 1378 1201 1433 25.
1242 1379 1487 1439 Juvenal.
1536 1406 1559 1427 «
1667 1378 1712 1432 si

684 1482 789 1533 qua
802 1458 1058 1514 darentur
1080 1458 1345 1531 sulphura
1369 1476 1492 1513 cum
1507 1458 1661 1513 tedis.
1681 1484 1705 1508 a

684 1542 777 1595 Ab
798 1540 1078 1609 agitatione
1097 1557 1217 1611 quse
1239 1540 1295 1591 in
1318 1539 1506 1592 orbem
1521 1538 1707 1601 flebat.

680 1618 904 1674 ductum
934 1633 1015 1673 est
1040 1620 1263 1673 verbum
1304 1620 1624 1683 Circumfert-0
1659 1632 1714 1673 et

684 1701 1011 1767 Cimumfirn‘.
1037 1699 1297 1769 Virgilius
1328 1718 1342 1753 ε
1380 1725 1402 1749 ι
1426 1738 1439 1751 .
1458 1740 1473 1751 .
1490 1737 1505 1750 .
1530 1712 1612 1753 ter
1633 1718 1714 1753 so·

681 1782 792 1833 cios
810 1799 945 1854 pura
958 1778 1289 1833 circumtulit
1304 1779 1466 1833 unda.
1485 1804 1510 1827 1·
1535 1780 1709 1833 Plaut.

680 1861 736 1913 in
770 1861 1014 1933 Amphit.
1053 1887 1077 1909 ι
1110 1860 1199 1913 80.
1225 1860 1422 1924 Quaeso
1465 1859 1599 1931 quin
1651 1872 1710 1913 tu

678 1942 831 1995 istam
848 1944 1005 2013 jubes
1025 1940 1132 1994 Pro
1154 1940 1319 1996 cerita
1342 1940 1712 2007 circumferri,

681 2034 784 2074 etc.
811 2047 835 2068 ι
868 2021 1113 2086 lustrari,
1143 2022 1573 2090 πιριιιοὶττισθαι,
1616 2040 1709 2073 πι-

677 2103 1005 2171 ριαγνίζισθαι
1016 2138 1033 2163 ,
1050 2103 1386 2171 καθαίρεσθαι.
1405 2098 1572 2165 Quod
1589 2098 1707 2153 fieri

677 2180 794 2235 ovis
848 2182 1065 2235 solitum
1088 2222 1106 2245 ,
1157 2178 1279 2234 teda
1299 2219 1315 2245 ‚
1358 2180 1505 2235 scilla
1535 2220 1552 2244 ,
1599 2180 1708 2233 sul·

675 2261 879 2332 phure,
902 2261 1138 2315 carmine
1160 2259 1229 2313 ad
1255 2278 1438 2313 aurem
1467 2260 1707 2315 insusur-

674 2354 811 2395 rato.
835 2342 1075 2393 Turneb.
1104 2338 1306 2394 Adnot.
1332 2340 1562 2405 lib.1V‚
1587 2359 1706 2412 cap.

683 2416 751 2475 15
776 2462 792 2483 ,
817 2434 871 2473 et
890 2420 984 2475 lib.
1008 2421 1123 2481 lx,
1150 2439 1267 2491 cap.
1294 2439 1395 2486 103
1426 2418 1708 2474 sedmani-

674 2500 777 2554 lms
800 2501 954 2570 prius
974 2518 1096 2553 rore
1122 2500 1217 2570 pio
1234 2539 1251 2565 ,
1274 2500 1383 2553 sive
1406 2500 1706 2572 expiatorio

674 2581 869 2634 ablutis
897 2601 911 2633 ε
941 2579 1092 2652 quod
1123 2580 1528 2651 Aristophanes,
1555 2583 1602 2635 iv
1621 2583 1706 2635 Ei-

673 2662 811 2733 ρήνῃ,
855 2663 1203 2731 χιρνὶπτισθαι
1231 2660 1384 2714 dixit.
1414 2662 1700 2731 Apuleius,

672 2742 769 2795 lib.
816 2741 898 2793 XI
948 2740 1099 2793 Asini
1153 2742 1333 2807 aurei,
1384 2740 1451 2793 de
1499 2742 1704 2812 expiata

671 2840 807 2873 nave
830 2839 844 2872 :
877 2846 901 2868 ι
925 2821 1177 2873 Summus
1196 2818 1467 2884 sacerdos,
1490 2819 1671 2891 inquit
1685 2858 1704 2887 ‚

677 2898 795 2953 teda
824 2896 1033 2964 lucida,
1059 2910 1117 2953 et
1141 2919 1275 2962 ovo,
1322 2912 1375 2953 et
1410 2899 1669 2969 sulphure
1687 2940 1703 2967 ‚

671 2979 1079 3033 solemnissimus
1097 2998 1281 3050 preces
1306 2978 1376 3033 de
1402 2992 1546 3033 casto
1570 2999 1706 3051 prn-

671 3060 809 3113 fatus
832 3078 953 3123 ore,
990 3076 1147 3130 quam
1187 3059 1472 3131 purissime
1516 3060 1706 3129 purifi-

668 3153 836 3194 catam
860 3137 973 3193 dea
989 3140 1369 3210 nuncupavit.»
1399 3140 1604 3194 Danao.
1623 3172 1704 3185 -—-

670 3220 867 3273 lamini
892 3239 1153 3271 sacrorum.
1183 3218 1269 3272 Ad
1296 3221 1437 3273 faces
1452 3259 1469 3285 ,
1497 3239 1615 3292 quae
1643 3221 1704 3274 in

669 3301 829 3353 sacris
850 3299 1041 3353 ritibus
1059 3299 1438 3353 accenduntur.
1464 3300 1628 3355 Unde
1649 3314 1705 3355 et

670 3379 823 3443 tedas
831 3380 973 3433 faces
991 3380 1131 3449 ipsas
1144 3398 1415 3433 vocamus.
1436 3379 1704 3451 Apuleius

670 3462 819 3513 Asin.
844 3480 954 3514 aur.
982 3460 1077 3513 lib.
1112 3461 1221 3524 XI,
1248 3460 1343 3513 ubi
1378 3460 1449 3511 de
1488 3462 1700 3533 expiata

667 3560 838 3594 nave:
872 3540 1135 3600 Sacerdos,
1166 3553 1269 3593 etc.
1294 3538 1418 3593 vide
1430 3557 1612 3611 supra.
1628 3540 1694 3595 H.

748 3623 804 3673 8.
819 3620 943 3684 Hoe,
959 3641 1130 3673 mat-ea
1154 3620 1193 3672 E
1214 3618 1457 3674 tedarum
1470 3640 1696 3691 genere,

666 3718 837 3753 mares
858 3698 1151 3753 dumtaxat.
1169 3698 1275 3754 Sed
1292 3714 1346 3753 et
1358 3704 1469 3761 ταῖς
1488 3704 1694 3761 πεύκαις

666 3778 724 3831 id
744 3797 955 3850 quoque
979 3782 1341 3843 subnascitur,
1370 3780 1519 3852 quod
1541 3786 1690 3839 συκῆν

665 3858 869 3923 Groeci‚
902 3859 1008 3912 hoc
1030 3872 1139 3926 est,
1169 3861 1332 3915 ficum
1366 3876 1600 3928 vocant,
1649 3862 1693 3915 si

666 3938 1039 4010 Theophrasto
1069 3939 1379 4007 credimus,
1424 3941 1562 3997 nist.
1593 3942 1692 3995 lib.

664 4020 780 4083 111,
820 4038 936 4091 cap.
968 4036 1053 4073 10.
1082 4017 1270 4075 Ham.

748 4118 799 4167 9.
838 4099 907 4152 Ue
934 4098 1043 4152 teda
1058 4094 1177 4169 ficit.
1201 4101 1277 4155 Ut
1296 4141 1312 4164 ,
1347 4097 1513 4154 instar
1531 4100 1692 4164 tede,

1803 1378 2250 1433 abundantiorem
2283 1392 2536 1445 succum,
2582 1382 2802 1434 resinam·

1801 1478 1907 1531 que
1937 1458 2128 1513 fundat
2155 1477 2170 1513 ε
2195 1472 2273 1513 est
2297 1461 2441 1513 euim
2467 1478 2529 1513 ea
2553 1462 2698 1532 copia
2717 1462 2804 1513 exi-

1803 1540 1934 1593 tiosa
1953 1538 2155 1593 arbori.
2183 1541 2310 1594 Haec
2335 1540 2406 1595 de
2444 1541 2607 1594 larice
2625 1580 2641 1606 ‚
2671 1558 2802 1613 quan

1800 1621 1984 1675 πεύκην
2005 1632 2192 1683 vocat,
2205 1622 2364 1673 etiam
2389 1620 2631 1691 prodidit
2651 1622 2802 1673 Theo·

1801 1699 1926 1770 phr.
1957 1698 2094 1753 nist.
2129 1700 2224 1753 lib.
2251 1701 2372 1767 111,
2401 1720 2522 1772 cap.
2557 1718 2642 1753 ιο.
2673 1702 2733 1753 Η.

1887 1796 1974 1833 10.
1994 1780 2222 1850 Excepta
2243 1782 2406 1833 larice.
2427 1782 2799 1874 Theophrastus
2820 1786 2834 1801 “

1798 1857 1854 1911 id
1895 1858 1965 1912 de
1989 1860 2096 1913 fico
2125 1858 2444 1915 adnasceute
2480 1862 2622 1932 pinis
2667 1861 2800 1913 mari·

1797 1937 1960 1991 bus:
1989 1938 2058 1993 de
2085 1939 2247 1994 larice
2267 1938 2412 1993 idem
2440 1942 2654 1995 Vitruv.
2679 1942 2794 1993 Du..

1799 2050 1880 2061 —-
1909 2020 2132 2090 Excepta
2149 2020 2318 2075 larice.
2343 2021 2626 2074 Vitruvius
2641 2019 2796 2073 eadem

1797 2096 1964 2151 tradit
2015 2102 2291 2172 conceptis
2343 2102 2540 2155 verbis.
2593 2129 2615 2149 ι
2661 2099 2798 2155 Larix

1797 2196 1927 2231 vero
1944 2217 1962 2239 ,
2001 2180 2181 2252 inquit
2208 2180 2299 2234 ille
2317 2221 2333 2246 ,
2363 2180 2460 2235 lib.
2493 2183 2548 2235 11
2565 2222 2580 2245 ,
2617 2200 2722 2252 cap.
2745 2199 2795 2248 9,

1795 2276 1918 2330 pag.
1947 2260 2016 2313 35
2041 2298 2056 2317 ‚
2105 2260 2198 2329 qui
2241 2280 2358 2314 nou
2385 2276 2467 2316 est
2493 2274 2680 2323 notus,
2714 2260 2798 2311 nini

1799 2338 1884 2392 his
1927 2340 2322 2412 municipibus,
2367 2343 2463 2413 qui
2517 2354 2642 2394 sunt
2680 2342 2796 2393 circa

1793 2419 1970 2488 ripam
1987 2418 2223 2473 fluminis
2245 2420 2396 2485 Padi,
2411 2436 2465 2475 et
2476 2422 2656 2475 littora
2665 2420 2797 2473 maris

1793 2497 2056 2553 Adriatici
2071 2538 2090 2563 ‚
2121 2519 2232 2553 uon
2257 2502 2438 2554 solum
2467 2502 2536 2554 ab
2565 2502 2696 2555 carie
2723 2512 2797 2553 aut

1791 2599 1824 2632 a
1854 2580 1995 2633 tinea
2032 2598 2144 2633 non
2193 2594 2424 2635 nocetur
2461 2600 2476 2635 :
2525 2580 2620 2634 sed
2661 2581 2792 2634 etism

1794 2657 2066 2712 flammam
2090 2678 2157 2713 ex
2185 2660 2295 2731 igni
2325 2680 2444 2715 non
2465 2662 2682 2733 recipit,
2713 2678 2796 2713 nec

1791 2738 1908 2811 ipse
1933 2752 2111 2812 potest
2141 2758 2240 2811 per
2280 2759 2336 2794 se
2377 2740 2594 2807 ardere,
2617 2742 2709 2793 nisi
2733 2740 2794 2792 uti

1790 2820 2038 2873 saxumin
2061 2819 2278 2874 fornace
2289 2820 2356 2873 ad
2375 2822 2578 2876 calcem
2599 2838 2795 2892 coquen-

1791 2896 1915 2951 dam
1939 2938 1958 2965 ‚
2001 2900 2120 2953 aliis
2159 2900 2320 2971 lignis
2353 2914 2545 2955 uratur
2571 2921 2585 2956 :
2617 2920 2706 2955 nec
2731 2913 2792 2951 ta·

1793 2998 1917 3032 men
1960 2992 2078 3032 tum
2134 2979 2402 3034 flammam
2447 2982 2639 3052 recipit
2659 3020 2675 3043 ,
2717 2976 2790 3031 sed

1790 3060 1952 3131 longo
1991 3060 2162 3131 spatio
2207 3060 2359 3114 tarde
2401 3062 2738 3115 comburitur.
2765 3082 2783 3103 ι

1791 3140 1996 3193 Eadem
2010 3138 2080 3193 de
2101 3141 2264 3195 larice
2285 3140 2559 3195 Palladius
2583 3138 2770 3195 1thOE
2777 3176 2790 3200 ‚

1792 3219 1848 3272 iu
1879 3221 2144 3275 Novemb.
2192 3222 2277 3274 tit.
2319 3223 2407 3275 13.
2461 3222 2596 3288 Qun
2643 3236 2788 3275 tamen

1791 3299 1945 3353 valde
1979 3319 2194 3366 vereor,
2241 3316 2304 3356 ut
2327 3320 2458 3355 vere
2499 3301 2666 3363 dicta,
2707 3314 2788 3351 nee

1789 3392 1989 3433 temere
2016 3380 2217 3435 credita
2243 3381 2393 3435 sinta
2416 3383 2636 3436 summis
2651 3378 2786 3431 viris:

1789 3461 1922 3513 nihil
1975 3462 2120 3514 enim
2170 3462 2463 3515 resiniferia
2513 3460 2787 3519 arboribus,

1785 3539 2092 3610 cujusmodi
2115 3542 2172 3593 in
2197 3542 2386 3613 primis
2409 3542 2554 3595 larix
2567 3555 2664 3604 est,
2685 3554 2786 3609 quc

1782 3618 1990 3691 liquida
2015 3624 2190 3675 resina
2222 3635 2400 3694 turget
2421 3658 2441 3683 ‚
2463 3614 2786 3693 concipiendo

1782 3700 1897 3770 igni
1924 3701 2098 3773 aptius
2137 3700 2370 3755 videtur.
2402 3702 2571 3755 Abest
2597 3720 2650 3754 ea
2681 3712 2784 3751 sane

1781 3779 1880 3833 dos
1905 3800 1932 3833 a
1961 3781 2190 3835 melesiis
2213 3782 2499 3835 arboribus
2516 3817 2534 3839 9
2557 3798 2681 3852 quas
2695 3778 2785 3828 Ve-

1782 3872 1956 3913 terum
1984 3859 2174 3915 larices
2215 3880 2326 3915 esse
2369 3860 2564 3915 eruditi
2606 3858 2780 3913 volunt.

1779 3938 1986 3994 Harum
2009 3941 2284 3995 enimvero
2303 3942 2466 3997 carbo
2481 3980 2500 4006 ,
2520 3935 2780 4012 prasertim

1780 4020 1840 4073 in
1867 4021 2180 4075 asi-ariorum
2204 4022 2468 4087 officinis,
2499 4021 2628 4075 mire
2646 4030 2778 4087 expe·

1781 4101 1933 4154 titur.
1959 4104 2141 4152 Han.
