2984 5009
662 408 799 497 544
1194 411 1271 479 C.

1325 412 1661 481 PLINII
1711 412 1924 481 NAT.
1973 415 2236 484 HIST.

657 546 871 633 nati0,
908 544 1113 614 nimia
1154 542 1277 615 soli
1318 545 1627 615 ubertate
1646 598 1666 631 ‚
1705 561 1823 615 aut
1855 547 2196 617 invitantis
2237 544 2381 619 caeli
2414 548 2776 643 voluptate:

604 652 607 659 ’
658 652 839 747 quod
870 650 1079 746 magis
1106 651 1435 723 inberbis
1474 666 1776 746 segetum
1803 655 2044 723 evenit.
2085 658 2164 725 In
2197 653 2552 724 arboribus
2581 671 2782 723 tamen

590 773 621 806 ²
660 760 861 829 nimia
889 760 1283 854 germinatio
1314 758 1648 829 elassescit
1666 758 1712 783 “

1719 810 1738 827 .
1775 762 1948 829 Sunt
1973 758 2118 830 aliae
2155 761 2494 831 naturales
2534 762 2782 856 quibus-

658 864 813 935 dam
832 918 854 953 ,
894 879 1276 961 praeterque·
1314 890 1593 952 vernas,
1647 890 1795 961 quae
1843 868 1976 937 suis
2025 865 2403 937 constant¹²
2447 867 2782 956 sideribus,

658 998 946 1067 quorum
998 974 1167 1041 ratio
1224 972 1443 1068 aptius
1497 972 1818 1043 reddetur
1876 974 2074 1044 tertio
2135 974 2222 1043 ab
2273 974 2404 1044 hoc
2447 974 2780 1045 volumine.

657 1079 955 1148 Hiberna
986 1077 1239 1174 Aquilae
1269 1093 1508 1148 exortu
1525 1133 1544 1167 ‚
1567 1080 1794 1151 aestiva
1825 1082 2029 1151 Canis
2057 1096 2255 1170 ortu,
2291 1082 2489 1151 tertia
2512 1082 2779 1151 Arcturi.

658 1188 799 1255 Has
842 1185 1008 1255 duas
1054 1185 1325 1279 quidam
1357 1187 1670 1256 omnibus
1712 1187 2066 1257 arboribus
2099 1212 2497 1258 communes
2534 1202 2782 1282 putant:

660 1294 887 1361 sentiri
946 1307 1171 1361 autem
1245 1294 1534 1361 maxime
1591 1294 1661 1361 in
1705 1293 1872 1379 fico,
1931 1296 2070 1365 vite
2095 1346 2116 1381 ‚
2166 1295 2434 1363 Punicis
2477 1320 2493 1362 ε
2540 1320 2786 1364 causam

656 1398 1054 1495 afferentes,
1103 1400 1420 1494 quoniam
1458 1401 1529 1468 in
1567 1400 1910 1471 Thessalia
1959 1400 2489 1495 Macedoniaque
2525 1400 2788 1497 plurima

589 1511 620 1563 3
658 1521 803 1575 tum
842 1505 1008 1575 ficus
1052 1520 1261 1575 exeat.
1310 1508 1605 1575 Maxime
1648 1520 1874 1577 tamen
1910 1508 1978 1575 in
2019 1509 2306 1627 AEgypto
2347 1523 2628 1603 apparet
2665 1508 2789 1578 haec

659 1614 847 1681 ratio.
904 1616 994 1681 Et
1028 1598 1354 1707 reliquae¹³
1401 1612 1672 1707 quidem
1709 1614 1983 1683 arbores
2004 1668 2023 1702 ,
2069 1628 2146 1683 ut
2185 1616 2478 1708 primum
2521 1638 2786 1709 coepere‚

664 1720 1059 1790 continuant
1111 1719 1662 1856 germinationem
1709 1746 1726 1788 ε

1795 1720 2050 1807 robur,
2101 1734 2172 1789 et
2221 1721 2450 1809 abieS‚
2507 1735 2575 1790 et
2615 1720 2786 1807 larix,

663 1827 1112 1896 intermittunt
1104 1824 1509 1955 ⁵tripartito¹
1517 1813 1567 1915 ⁴,
1594 1851 1672 1896 ac
1711 1840 1900 1896 terna
1929 1828 2227 1920 germina
2261 1827 2520 1896 edunt.
2561 1827 2702 1896 ideo
2731 1840 2791 1895 et

664 1947 767 2002 ter
784 1930 1121 2027 squamas¹
1129 1917 1498 2002 ⁵corticum
1530 1948 1889 2029 spargunt:
1913 1932 2098 2028 quod
2124 1935 2436 2003 omnibus
2466 1934 2787 2004 arboribus

752 2152 776 2187 1
793 2152 843 2187 1.
886 2128 1177 2187 Elassescit.
1219 2134 1489 2186 Arlmrum
1517 2118 1708 2187 fecun-

667 2214 891 2268 ditatem
920 2214 1193 2279 exhaurit,
1225 2213 1496 2284 efficitque
1530 2232 1698 2285 saepe·

665 2310 924 2358 numero,
945 2306 1004 2347 ut
1031 2294 1237 2348 fructus
1266 2312 1389 2347 suos
1414 2294 1697 2348 alternent.

668 2374 858 2428 Haan.

757 2471 779 2507 1
796 2474 848 2508 π.
883 2453 1011 2524 Quoe
1034 2456 1134 2505 suis
1158 2466 1398 2507 constant.
1424 2454 1560 2520 Quae
1583 2472 1698 2507 cer·

669 2547 850 2589 torum
892 2545 1117 2598 exortu,
1160 2553 1419 2588 occasuve
1460 2533 1698 2587 siderum

670 2614 953 2668 eveniunt:
974 2632 1205 2685 quorum
1223 2614 1359 2668 ratio
1383 2613 1700 2687 expedietur

670 2692 949 2747 uberrime
974 2692 1073 2746 lib.
1101 2693 1321 2759 XVIII,
1357 2712 1475 2766 cap.
1507 2694 1604 2765 57,
1644 2705 1700 2747 et

671 2772 1029 2845 sequentibus.
1058 2770 1243 2825 Hum.

759 2871 784 2906 1
796 2860 845 2905 3.
877 2852 930 2905 E
932 2864 954 2901 t
976 2852 1190 2922 reliqua.
1206 2852 1334 2905 Haec
1350 2850 1574 2906 totidem
1587 2870 1704 2905 ver·

672 2932 756 2985 bis
778 2930 1209 3002 Theophrastus,
1237 2931 1371 2986 Hist.
1393 2931 1490 2986 lib.
1514 2931 1598 2985 111
1613 2971 1630 2998 ,
1651 2950 1700 2985 c.

676 3014 727 3065 6.
757 3012 941 3064 Ηιιιυ.

762 3110 785 3145 x
798 3096 852 3154 4.
898 3092 1227 3143 luteo-mittunt
1275 3094 1535 3163 tripartito.
1593 3093 1703 3146 Ter

674 3172 1038 3225 intermittunt
1086 3170 1526 3242 germinationem
1547 3211 1564 3238 ,
1592 3186 1704 3225 ter-

676 3271 781 3324 que
804 3264 1033 3324 turgent.
1050 3255 1244 3310 Πιὺκην
1269 3247 1353 3317 ὃὸ,
1383 3251 1467 3305 καὶ
1495 3253 1668 3309 &virm
1687 3291 1704 3318 ,

676 3334 760 3385 καὶ
788 3328 903 3404 δρῦν
932 3328 1203 3385 diu-Mintur
1223 3372 1239 3397 ,
1274 3332 1358 3385 καὶ
1389 3336 1518 3403 τριῖς
1550 3332 1702 3404 ὁρμὰς

678 3406 798 3466 εἶναι
818 3452 835 3479 ,
877 3413 961 3466 καὶ
1005 3414 1132 3483 τριῖς
1185 3414 1374 3483 ἀφιέναι
1438 3414 1704 3479 βλαστούς.

676 3492 1034 3564 Theopltrast.
1057 3492 1159 3545 loc.
1198 3495 1340 3547 citat.
1378 3492 1463 3545 En
1490 3511 1706 3547 rursum

678 3568 795 3643 δρῦς
827 3572 1003 3625 Plinio
1032 3572 1201 3626 robur
1218 3586 1327 3633 est,
1358 3573 1506 3626 abies
1525 3574 1706 3638 ἐλάτη,

678 3655 835 3708 murm
867 3652 1041 3717 larix,
1089 3666 1149 3705 ut
1178 3651 1433 3707 diximus.
1459 3650 1568 3707 Sed
1595 3671 1708 3705 me·

678 3732 841 3797 lezia,
880 3750 1041 3801 quam
1079 3732 1294 3786 laricem
1342 3750 1453 3787 esse
1509 3732 1708 3787 eruditi

682 3811 906 3874 volunt,
924 3830 1035 3865 non
1058 3812 1378 3867 intermittit.
1408 3814 1592 3867 Hann-

770 3910 792 3944 1
809 3890 1014 3945 5.1d=0
1040 3903 1088 3943 et
1106 3904 1179 3943 ter
1194 3912 1432 3965 squamas.
1456 3894 1568 3945 Ter
1590 3910 1707 3945 eor-

682 3972 867 4036 ticem‚
898 3971 991 4042 qui
1021 3990 1364 4043 squamarum
1395 3969 1564 4026 instar
1596 3986 1698 4037 est,

683 4051 929 4121 genitali,
956 4050 1050 4123 qui
1080 4051 1431 4119 interlabitur,
1454 4052 1708 4107 insinuat·

1786 2152 1892 2205 que
1904 2152 2016 2188 sese
2025 2175 2040 2199 ,
2058 2135 2290 2189 humore
2301 2148 2620 2209 respergunt
2637 2154 2651 2189 :
2665 2131 2786 2207 quod

1786 2215 1844 2267 in
1865 2233 2181 2287 unaquaque
2199 2216 2590 2287 germinatione
2602 2216 2788 2269 evenire

1787 2295 1872 2347 vel
1919 2314 1983 2347 ex
2023 2313 2088 2347 eo
2128 2296 2478 2367 intelligitur,
2507 2294 2654 2367 quod
2693 2308 2786 2347 tum

1787 2374 1944 2427 facile
1973 2386 2160 2429 cortex
2195 2376 2408 2429 absistat
2425 2416 2444 2441 ,
2483 2374 2788 2429 detrahatur-

1789 2472 1896 2525 que
1909 2454 2148 2525 corpori.
2165 2456 2460 2527 Haeeplane
2479 2456 2788 2509 mens'rheo·

1786 2534 2015 2605 phrasti,
2048 2535 2314 2606 Pliniiqne
2339 2547 2442 2601 est,
2479 2555 2602 2608 quae
2639 2538 2788 2589 Inter·

1785 2625 1966 2685 pretes
1983 2615 2242 2668 hactenus
2262 2615 2400 2669 male
2420 2617 2654 2669 vexavit.
2677 2615 2789 2669 Hac·

1787 2706 1942 2747 tenus
1999 2695 2303 2765 legebatur,
2363 2720 2388 2743 ι
2420 2695 2556 2749 Ideo
2587 2709 2641 2749 et
2679 2696 2788 2749 inter

1789 2792 2032 2845 squamas
2050 2792 2088 2826 :-
2110 2800 2134 2821 2-
2153 2776 2298 2829 null·
2323 2776 2482 2846 plane
2511 2789 2608 2829 aut
2639 2777 2790 2845 inepta

1791 2854 2072 2907 sententia.
2117 2854 2476 2927 Theophrasti
2500 2855 2649 2909 locus
2675 2858 2792 2926 ejus·

1789 2932 1938 2986 modi
1966 2946 2076 2999 est,
2102 2952 2166 2987 ex
2215 2934 2346 2988 nist.
2375 2936 2556 2988 Plant.
2583 2937 2674 2989 lib.
2695 2934 2784 2997 111,

1791 3030 1911 3084 cap.
1936 3015 1969 3065 6
1990 3032 2003 3066 ε
2024 3015 2106 3067 Διὸ
2123 3014 2208 3067 καὶ
2229 3017 2496 3087 τρίσλιποι.
2511 3018 2623 3068 Πᾶν
2643 3008 2786 3086 *saphi

1790 3088 1994 3164 δένδρον
2027 3095 2145 3147 ὅταν
2185 3096 2446 3165 βλαστάνῃ
2477 3098 2622 3166 λιπᾷ.
2651 3096 2786 3147 Porro

1789 3174 2029 3245 τρῖσλιπα.
2059 3169 2248 3245 δένδρα
2290 3174 2548 3229 dicuntur
2569 3176 2785 3233 arbores,

1791 3272 1910 3324 quae
1928 3265 2078 3307 terna
2089 3254 2477 3324 germinatione
2492 3253 2698 3325 genitali
2711 3252 2788 3304 liu·

1793 3352 1944 3386 more
1989 3346 2312 3404 turgescunt.
2357 3338 2522 3405 Διπᾷν
2568 3334 2787 3389 dicuntur

1795 3413 2010 3467 arbores
2026 3453 2042 3480 ,
2069 3432 2238 3485 quum
2259 3414 2630 3485 pinguescunt.
2653 3407 2786 3478 Quod

1795 3493 1840 3545 si
1867 3504 1984 3545 tum
2031 3495 2136 3545 ima
2167 3505 2318 3565 parte
2357 3506 2674 3558 casu-entur,
2707 3506 2786 3562 per

1796 3572 2032 3626 forulum
2055 3571 2238 3626 effluet
2267 3574 2358 3627 ille
2377 3576 2579 3647 liquor,
2600 3576 2786 3627 humor-

1797 3670 1904 3723 que
1930 3654 2145 3725 pinguis
2161 3690 2180 3718 ‚
2213 3672 2314 3707 eeu
2342 3655 2624 3708 salivarum
2640 3654 2786 3705 lenter

1796 3734 2080 3787 emanabit.
2111 3732 2264 3786 Idem
2291 3734 2682 3805 Theophrastus
2709 3730 2785 3783 sub

1793 3812 1959 3865 finem
1981 3815 2094 3883 ejus
2111 3813 2328 3884 capitis,
2351 3815 2540 3869 abietis
2555 3808 2785 3868 caedenda

1794 3905 2007 3985 tempus
2030 3906 2400 3965 opportunum
2427 3912 2540 3947 esse
2559 3894 2686 3946 circa
2703 3888 2785 3943 sul-

1793 3973 1996 4026 stitium
2011 3986 2221 4037 monet,
2233 3969 2326 4026 διὰ.
2339 3976 2396 4027 τὸ
2411 3978 2560 4045 λιπᾷν
2575 3966 2674 4043 (ed.
2687 3964 2782 4022 And.

1792 4060 1845 4105 7
1829 4040 1987 4123 πᾷν)
2011 4053 2138 4124 quia
2171 4066 2300 4109 tunc
2339 4068 2523 4109 cortex
2549 4050 2690 4106 facile
2709 4048 2782 4100 ab·
