2984 5009
644 453 742 537 [μ

1185 452 1662 541 C.·PL1N11
1712 454 1925 523 NAT.
1984 452 2236 521 ms'r.

648 582 766 653 lidi
807 608 887 653 ac
929 584 1168 653 vinosi.
1227 572 1611 655 Montibus⁶
1659 587 1729 655 in
1784 586 2116 655 umbrosis
2170 586 2271 655 his
2336 609 2513 655 anno
2568 584 2784 657 floret.

641 690 990 786 Optimum
1015 691 1085 759 in
1115 694 1354 777 Ponto,
1372 694 1753 787 proximum
1778 694 1849 761 in
1877 693 2199 787 Phrygia,
2218 694 2485 763 tertium
2516 694 2585 761 in
2621 693 2789 789 Illy-

645 798 806 867 rico.
832 797 1108 866 Foditur
1133 820 1340 893 quum
1363 790 1531 868 folia*
1548 801 1810 869 mittere
1829 801 2084 895 incipit,
2102 800 2260 868 etin
2288 798 2443 869 Sole
2469 800 2783 888 siccatur,

646 902 948 974 celeriter
984 906 1182 973 situm
1217 906 1490 976 trahens
1510 960 1529 993 ‚
1554 930 1633 975 ac
1660 930 2025 977 senescens.
2050 909 2334 974 Inventa
2366 904 2581 1001 nuper
2618 921 2687 975 et
2716 909 2791 975 in

647 1011 933 1081 Thracia
955 1011 1163 1081 herba
1183 1026 1311 1101 est,
1330 1014 1519 1107 cujus
1536 1012 1695 1083 folia
1714 1012 1879 1083 nihil
1906 1013 1991 1082 ab
2016 1012 2252 1084 Indico
2276 1012 2487 1081 nardo
2510 1012 2789 1082 distant.

753 1120 1084 1188 XXVIII.
1147 1120 1414 1189 Amomi
1475 1118 1649 1189 uva¹
1695 1123 1764 1189 in
1806 1142 1930 1190 usu
1958 1118 1977 1145 ²
2030 1134 2130 1189 est
2166 1170 2185 1205 ‚
2228 1118 2463 1189 Indica
2514 1121 2649 1188 vite
2698 1119 2796 1189 la-

562 1345 569 1354 .
639 1320 978 1377 purpureum
995 1341 1012 1365 ‚
1041 1303 1220 1375 inquit
1245 1303 1555 1372 Oribasius,
1572 1306 1671 1361 lib.

643 1384 817 1455 x1,p.
851 1400 984 1453 191,
1005 1382 1062 1435 in
1084 1402 1195 1455 quo
1214 1402 1393 1438 semen
1413 1398 1490 1439 est
1516 1386 1673 1439 acino

643 1463 834 1517 simile.
875 1462 1055 1515 Hm»,
1097 1494 1177 1505 —-
1217 1466 1283 1517 In
1330 1464 1489 1519 MSS.
1536 1466 1671 1537 Reg.

645 1542 803 1597 colb.
836 1552 891 1595 et
911 1541 1098 1597 Cbiffl.
1133 1544 1294 1596 radice
1321 1546 1500 1616 gallici
1528 1546 1677 1597 nardi

647 1622 805 1674 simite
849 1626 1090 1675 ucinosum
1112 1641 1134 1685 ‚·
1191 1622 1338 1677 unde
1390 1624 1674 1678 infeliciter

645 1701 825 1756 nescio
853 1702 1021 1774 magis
1060 1720 1128 1755 au
1162 1702 1414 1757 audacter
1439 1706 1677 1759 tentabat

646 1780 906 1857 refingere
926 1782 1233 1835 Salmasius:
1251 1782 1385 1837 flore
1396 1800 1675 1855 purpureo

643 1860 809 1915 radici
826 1860 912 1915 afli
918 1874 1039 1932 gato
1053 1861 1235 1916 alterci
1253 1862 1677 1929 simili‚aeinoso,

603 1960 608 1965 ·
643 1952 745 1995 etc.
759 1950 788 1985 ’-
800 1943 1028 1994 Alterais
1047 1942 1140 2005 ait,
1153 1942 1356 1996 Latinis
1367 1944 1647 2014 ὑοσκύαμος
1660 1984 1676 2010 ,

643 2017 795 2093 quod
822 2034 1058 2075 mentem
1087 2023 1274 2076 alteret
1292 2034 1345 2075 et
1363 2024 1572 2077 alienet.
1592 2023 1675 2076 De

638 2100 877 2154 ‚saliunca
925 2101 1150 2155 minime
1217 2101 1444 2156 dubium
1465 2093 1508 2171 ‚'
1540 2104 1673 2176 quin

603 2218 610 2226 .
645 2180 828 2233 Latini
857 2179 1092 2235 nardum
1123 2191 1440 2237 montanum
1469 2185 1545 2237 ita
1580 2203 1675 2254 ap·

645 2260 916 2332 pellarint.
939 2281 966 2308 ι
992 2262 1096 2315 En.

729 2347 783 2404 4.
819 2339 1226 2395 Montibus.Haec
1257 2340 1438 2395 Diosc.
1457 2342 1500 2394 l.
1522 2359 1571 2394 c.
1604 2342 1674 2395 H.

728 2416 992 2476 XXVIII.
1032 2442 1082 2476 1.
1122 2422 1323 2474 Απισηιί
1354 2438 1462 2475 uva.
1491 2422 1671 2476 Diosc.

645 2498 742 2555 lib.
767 2500 819 2566 Ῐ,
847 2512 964 2571 cap.
1001 2506 1070 2566 14
1103 2519 1118 2552 ε
1151 2490 1368 2571 Ᾰμωμόν
1394 2502 1468 2561 tet
1500 2504 1679 2571 θαμνῖ·

647 2596 764 2641 ezec
793 2580 931 2633 οἰόνιὶ
951 2580 1121 2650 βότρυς
1138 2618 1154 2644 ,
1183 2582 1240 2633 ἐκ
1267 2580 1401 2643 ξύλου
1427 2582 1678 2651 ἀντ-εμπε-

646 2660 918 2729 arturum<
964 2658 1146 2728 tauri-32.
1173 2659 1339 2713 Varia
1384 2674 1503 2733 quae
1548 2660 1678 2715 huie

645 2738 768 2791 loco
796 2738 1188 2792 accommodari
1209 2748 1387 2810 potest
1413 2740 1678 2812 interpre-

647 2818 798 2884 tatio,
818 2818 999 2872 effecit
1009 2817 1158 2871 haud
1171 2817 1340 2871 dubie
1352 2820 1678 2873 uthactenus

649 2896 721 2951 de
751 2916 962 2967 amomo
987 2898 1080 2951 vix
1111 2900 1390 2971 quisquam
1412 2900 1678 2953 recentio-

647 2993 774 3030 rum
813 2978 946 3031 certi
980 2977 1272 3051 quidquam
1315 2978 1676 3052 prodiderit...

648 3055 916 3129 Equidem
951 3057 1012 3110 'in
1048 3074 1106 3111 re
1150 3056 1314 3111 dubia
1351 3072 1412 3113 ‘et
1453 3058 1677 3131 ancipiti

650 3154 762 3189 non
781 3152 940 3191 ausus
961 3136 1155 3201 Plinii,
1181 3139 1677 3209 gravissimi'auctob'

651 3216 757 3281 ris,
789 3218 1087 3272 auctoritati
1104 3216 1270 3271 fidem
1296 3216 1579 3305 derogare,
1602 3220 1677 3272 ita

651 3297 894 3351 converti
919 3293 992 3360 (m
1020 3316 1126 3350 τινα
1146 3296 1336 3351 modum
1360 3300 1526 3370 suopte
1541 3300 1677 3369 ligno

651 3380 705 3429 in
725 3380 929 3448 seipsum
949 3398 1065 3430 conv
1041 3369 1286 3445 memus),
1297 3391 1361 3432 ut
1379 3390 1557 3432 tamen
1572 3378 1679 3431 hoc

653 3454 772 3509 loco
817 3454 1019 3528 βότρυν,
1061 3458 1157 3530 qui
1187 3459 1409 3530 proprie
1439 3473 1680 3511 racemus

652 3547 754 3603 ατ,
785 3548 840 3590 et
863 3538 1177 3592 Latinorum
1201 3556 1362 3591 uvam
1383 3577 1398 3603 ,
1421 3554 1529 3610 pro
1562 3538 1678 3609 ipsa

655 3616 765 3669 vite
826 3619 1120 3690 acciperem
1141 3657 1156 3683 ,
1222 3616 1678 3691 quemadmodum

653 3693 814 3747 etiam
837 3698 1116 3768 usurpavit
1141 3698 1334 3771 Virgil.
1367 3698 1567 3769 Georg.
1592 3698 1677 3750 11:

663 3798 688 3821 ι
721 3775 794 3827 Et
833 3786 1014 3846 turpes
1053 3778 1236 3831 avibus
1285 3778 1523 3849 praedam
1574 3780 1681 3831 fert

655 3870 762 3907 uva
791 3869 1048 3908 racemos.
1071 3872 1096 3900 υ
1119 3856 1281 3923 Quasi
1313 3859 1681 3912 volueritDio-

653 3930 891 3988 scot-ides
908 3976 924 4000 ,
951 3934 1404 4007 quemadmodum
1429 3938 1554 3991 vitis
1578 3955 1685 3991 sar·

655 4026 836 4067 mento
874 4033 998 4079 suo,
1037 4015 1112 4069 ita
1157 4030 1210 4069 et
1253 4033 1525 4071 amomum
1574 4016 1681 4072 suis

655 4093 898 4165 virgultis
937 4094 1127 4167 ligneis
1163 4097 1218 4149 in
1261 4114 1313 4148 se
1349 4098 1521 4167 ipsum
1552 4116 1679 4149 con-

1760 1306 1907 1361 volvi
1923 1346 1939 1371 ‚
1962 1317 2057 1359 aut
2082 1302 2243 1360 etiam
2270 1304 2395 1358 vitis
2423 1304 2616 1369 instar,
2638 1304 2796 1376 ligno
2848 1328 2854 1333 ’

1761 1404 1857 1439 seu
1907 1385 2118 1451 arbori,
2162 1384 2251 1439 cui
2302 1383 2603 1437 adnascitur
2620 1423 2637 1448 ‚
2676 1402 2797 1438 sese

1761 1466 2184 1536 circumplicare,
2202 1476 2375 1537 atque,
2402 1478 2463 1517 ut
2484 1482 2552 1515 ne
2571 1482 2601 1516 a
2625 1462 2796 1517 Plinii

1762 1544 1998 1599 dictione
2010 1543 2308 1609 discedam,
2333 1544 2669 1599 convolvere.
2690 1542 2797 1596 SA·

1762 1640 2027 1679 nicmtus.
2069 1656 2149 1668 -
2176 1625 2349 1678 Aliter
2380 1623 2536 1677 sentit
2565 1622 2799 1678 Bodaeus

1762 1724 1792 1758 a
1811 1701 2502 1777 Stapel‚not.in'1¹heophr.
2529 1720 2583 1773 p.
2614 1710 2759 1757 1015
2780 1722 2795 1756 ε

1768 1808 1793 1832 α
1824 1782 2049 1838 Sensum
2096 1786 2385 1839 verborum
2422 1781 2760 1836 Dioscoridis
2776 1817 2797 1844 ,

1761 1864 1941 1935 inquit
1957 1904 1973 1931 ,
2002 1866 2149 1917 salvo
2174 1862 2382 1917 meliori
2401 1860 2626 1934 judicio,
2644 1864 2801 1915 hunc

1762 1956 1899 2016 puto
1924 1962 1937 1998 :
1966 1960 2166 2017 nempe
2193 1961 2465 1997 amomum
2494 1960 2606 1995 esse
2638 1942 2800 1995 fruti-

1763 2024 1945 2078 culum
1966 2026 2116 2097 cujus
2134 2024 2342 2096 lignum
2366 2022 2436 2076 ita
2465 2023 2521 2075 in
2541 2040 2595 2075 se
2616 2022 2802 2092 ipsum

1762 2106 2116 2157 convolutum
2154 2118 2235 2157 est
2261 2117 2313 2158 et
2343 2102 2577 2157 invicem
2600 2100 2799 2172 imple-

1764 2202 1921 2249 xum,
1950 2196 2013 2238 ut
2030 2200 2149 2237 uvae
2174 2184 2410 2255 effigiem
2423 2192 2798 2254 repraesentet.

1764 2264 1882 2317 Alia
1895 2274 2072 2317 tamen
2094 2262 2309 2318 videtui·
2320 2262 2482 2317 Plinii
2500 2261 2769 2314 sententia
2784 2278 2799 2313 ε

1772 2367 1795 2390 ε
1827 2341 2041 2396 Αιιιοιιιί
2076 2362 2180 2398 uva
2222 2343 2277 2396 in
2324 2358 2430 2395 usu
2464 2352 2576 2404 est,
2610 2338 2803 2395 Indica

1764 2423 1871 2476 vite
1908 2422 2182 2490 labrusea;
2208 2432 2271 2475 ut
2285 2422 2373 2476 alii
2399 2420 2803 2487 existimavere,

1766 2502 1960 2557 statice
1988 2516 2280 2574 mys-mose.
2312 2527 2334 2549 υ
2386 2502 2531 2554 Duas
2572 2498 2803 2571 quidem

1764 2582 1929 2636 refert
1964 2581 2031 2636 de
2069 2599 2284 2637 amomo
2316 2581 2594 2652 opiniones
2612 2620 2627 2645 ,
2659 2596 2805 2650 quo-

1764 2676 1887 2715 rum
1909 2660 2071 2715 altera
2090 2678 2245 2715 uvam
2268 2676 2454 2715 esseex
2482 2657 2667 2712 Indica
2688 2660 2803 2713 vite

1766 2742 2008 2794 labrusca
2062 2742 2277 2807 statuit,
2328 2740 2493 2794 altera
2544 2738 2802 2793 fruticem

1766 2834 2102 2893 ‘myrtuosum
2142 2840 2155 2874 :
2215 2820 2330 2893 ipse
2386 2838 2515 2873 vero
2556 2820 2805 2889 priorem

1766 2900 1929 2971 paulo
1943 2900 2084 2954 infra
2102 2900 2413 2973 opinionem
2436 2898 2803 2971 amplectitur.

1766 2996 1937 3051 quum
1984 2979 2119 3034 dicit
2168 2998 2181 3032 :
2236 3006 2259 3029 ι
2302 2978 2535 3049 pretium
2572 2993 2689 3031 uvae
2745 2978 2807 3031 in

1765 3060 1964 3126 libras,
2004 3072 2105 3114 etc.
2139 3084 2161 3107 ι
2202 3060 2308 3113 En.
2342 3090 2423 3101 —
2462 3058 2529 3111 In
2564 3056 2803 3112 codicib.

1767 3144 1945 3191 amomi
1962 3139 2112 3211 juba,
2162 3140 2394 3194 lectione
2431 3138 2578 3195 haud
2619 3154 2807 3209 asper-

1766 3218 1961 3274 nanda.
1992 3220 2176 3273 Hum.
2192 3253 2271 3262 —
2297 3218 2514 3283 Amomi,
2538 3229 2639 3270 etc.
2662 3216 2809 3271 Nul-

1768 3299 1876 3353 lam
1910 3300 2061 3354 fere
2045 3318 2101 3352 ιιι
2134 3300 2355 3353 exoticis
2377 3300 2613 3370 plantam
2642 3314 2809 3369 repe·

1770 3378 1903 3444 rias,
1934 3376 2001 3434 de
2036 3396 2140 3453 qua
2178 3380 2447 3444 virorum,
2476 3390 2531 3431 et
2558 3375 2806 3431 doctissi-

1770 3476 1985 3513 morum
2005 3459 2258 3532 quidem,
2280 3459 2559 3531 opiniones
2598 3453 2810 3512 disere·

1768 3556 1900 3611 pare
1930 3541 2095 3613 magis
2117 3538 2421 3593 videantur.
2440 3535 2649 3609 Nempe
2674 3554 2803 3609 sup.

1770 3620 2005 3685 saeculis,
2061 3638 2332 3673 amomum
2366 3618 2482 3672 aliis
2504 3616 2610 3670 fuit
2638 3616 2809 3671 Rihes

1769 3701 1983 3773 nigrum
2002 3740 2019 3766 ,
2070 3700 2188 3753 aliis
2239 3697 2533 3753 Geranium
2588 3696 2809 3750 colum·

1768 3780 1991 3845 binum;
2023 3776 2288 3851 Scaligero
2332 3792 2387 3832 et
2428 3774 2643 3842 Cordo,
2684 3794 2810 3830 rosa

1770 3858 2152 3913 Hierochuntis
2170 3852 2193 3928 (
2210 3858 2504 3911 Anastatica
2528 3856 2812 3909 hier-ochus»-

1777 3941 1881 3990 tina
1890 3935 2098 4004 Linn.),
2126 3955 2259 4011 quos
2278 3938 2459 3991 multis
2476 3936 2810 4008 argumentis

1770 4018 1966 4072 refellit
1990 4018 2256 4073 Matthiol.
2286 4016 2355 4072 ad
2388 4018 2572 4071 Diosc.
2599 4018 2627 4069 1
2645 4055 2660 4078 ‚
2700 4024 2807 4080 ¹43

1770 4098 2030 4163 Gesnero,
2058 4098 2218 4170 Piper
2246 4098 2499 4151 hortense
2526 4092 2547 4157 (
2568 4094 2811 4148 solanum
