<?xml version="1.0" encoding="UTF-8"?>
<!DOCTYPE html PUBLIC "-//W3C//DTD XHTML 1.0 Transitional//EN"
    "http://www.w3.org/TR/xhtml1/DTD/xhtml1-transitional.dtd">
<html xmlns="http://www.w3.org/1999/xhtml" xml:lang="en" lang="en">
 <head>
  <title>
</title>
<meta http-equiv="Content-Type" content="text/html;charset=utf-8" />
  <meta name='ocr-system' content='tesseract 3.04.00' />
  <meta name='ocr-capabilities' content='ocr_page ocr_carea ocr_par ocr_line ocrx_word'/>
</head>
<body>
  <div class='ocr_page' id='page_1' title='image "./caiipliniisecun07plingoog_0536.png"; bbox 0 0 2984 5009; ppageno 0'>
   <div class='ocr_carea' id='block_1_1' title="bbox 982 462 1559 533">
    <p class='ocr_par' dir='ltr' id='par_1_1' title="bbox 982 462 1559 533">
     <span class='ocr_line' id='line_1_1' title="bbox 982 462 1559 533; baseline -0.003 -2"><span class='ocrx_word' id='word_1_1' title='bbox 982 462 1295 533; x_wconf 84' lang='lat' dir='ltr'><strong>LIBER</strong></span> <span class='ocrx_word' id='word_1_2' title='bbox 1346 464 1559 533; x_wconf 88' lang='lat' dir='ltr'><strong>XVI.</strong></span> 
     </span>
    </p>
   </div>
   <div class='ocr_carea' id='block_1_2' title="bbox 2189 464 2340 561">
    <p class='ocr_par' dir='ltr' id='par_1_2' title="bbox 2189 464 2340 561">
     <span class='ocr_line' id='line_1_2' title="bbox 2189 464 2340 561; baseline -0.026 -22"><span class='ocrx_word' id='word_1_3' title='bbox 2189 464 2340 561; x_wconf 78' lang='lat'><strong>5¹9</strong></span> 
     </span>
    </p>
   </div>
   <div class='ocr_carea' id='block_1_3' title="bbox 175 592 2402 1445">
    <p class='ocr_par' dir='ltr' id='par_1_3' title="bbox 175 592 2402 1445">
     <span class='ocr_line' id='line_1_3' title="bbox 184 592 2338 691; baseline 0.003 -28"><span class='ocrx_word' id='word_1_4' title='bbox 184 593 303 663; x_wconf 86' lang='lat' dir='ltr'><strong>alia</strong></span> <span class='ocrx_word' id='word_1_5' title='bbox 342 608 534 687; x_wconf 86' lang='lat' dir='ltr'><strong>parte</strong></span> <span class='ocrx_word' id='word_1_6' title='bbox 562 592 891 691; x_wconf 86' lang='lat' dir='ltr'><strong>aperitur,</strong></span> <span class='ocrx_word' id='word_1_7' title='bbox 929 620 1009 666; x_wconf 89' lang='lat' dir='ltr'><strong>ac</strong></span> <span class='ocrx_word' id='word_1_8' title='bbox 1052 596 1290 667; x_wconf 86' lang='lat' dir='ltr'><strong>deinde</strong></span> <span class='ocrx_word' id='word_1_9' title='bbox 1326 597 1473 667; x_wconf 87' lang='lat' dir='ltr'><strong>alia.</strong></span> <span class='ocrx_word' id='word_1_10' title='bbox 1515 598 1754 667; x_wconf 84' lang='lat' dir='ltr'><strong>Postea</strong></span> <span class='ocrx_word' id='word_1_11' title='bbox 1786 610 1928 667; x_wconf 87' lang='lat' dir='ltr'><strong>tota</strong></span> <span class='ocrx_word' id='word_1_12' title='bbox 1959 598 2162 677; x_wconf 81' lang='lat' dir='ltr'><strong>arbor</strong></span> <span class='ocrx_word' id='word_1_13' title='bbox 2191 625 2338 671; x_wconf 87' lang='lat' dir='ltr'><strong>suc-</strong></span> 
     </span>
     <span class='ocr_line' id='line_1_4' title="bbox 182 698 2336 799; baseline 0.004 -30"><span class='ocrx_word' id='word_1_14' title='bbox 182 698 447 784; x_wconf 87' lang='lat' dir='ltr'><strong>ciditur,</strong></span> <span class='ocrx_word' id='word_1_15' title='bbox 501 716 570 771; x_wconf 87' lang='lat' dir='ltr'><strong>et</strong></span> <span class='ocrx_word' id='word_1_16' title='bbox 612 699 904 773; x_wconf 84' lang='lat' dir='ltr'><strong>medulla</strong></span> <span class='ocrx_word' id='word_1_17' title='bbox 947 703 1091 797; x_wconf 87' lang='lat' dir='ltr'><strong>ejus</strong></span> <span class='ocrx_word' id='word_1_18' title='bbox 1127 705 1347 775; x_wconf 85' lang='lat' dir='ltr'><strong>uritur</strong></span> <span class='ocrx_word' id='word_1_19' title='bbox 1362 705 1435 769; x_wconf 84' lang='lat'><strong>²⁰.</strong></span> <span class='ocrx_word' id='word_1_20' title='bbox 1498 705 1606 773; x_wconf 88' lang='lat' dir='ltr'><strong>Sic</strong></span> <span class='ocrx_word' id='word_1_21' title='bbox 1665 718 1734 773; x_wconf 87' lang='lat' dir='ltr'><strong>et</strong></span> <span class='ocrx_word' id='word_1_22' title='bbox 1784 705 1854 773; x_wconf 91' lang='lat' dir='ltr'><strong>in</strong></span> <span class='ocrx_word' id='word_1_23' title='bbox 1905 706 2094 799; x_wconf 83' lang='lat' dir='ltr'><strong>Syria</strong></span> <span class='ocrx_word' id='word_1_24' title='bbox 2157 721 2336 777; x_wconf 90' lang='lat' dir='ltr'><strong>tere-</strong></span> 
     </span>
     <span class='ocr_line' id='line_1_5' title="bbox 178 807 2338 907; baseline 0.004 -32"><span class='ocrx_word' id='word_1_25' title='bbox 178 807 477 879; x_wconf 83' lang='lat' dir='ltr'><strong>bintho²¹</strong></span> <span class='ocrx_word' id='word_1_26' title='bbox 524 808 889 879; x_wconf 86' lang='lat' dir='ltr'><strong>detrahunt</strong></span> <span class='ocrx_word' id='word_1_27' title='bbox 943 813 1227 883; x_wconf 86' lang='lat' dir='ltr'><strong>cortices</strong></span> <span class='ocrx_word' id='word_1_28' title='bbox 1250 865 1271 903; x_wconf 92' lang='lat'><strong>,</strong></span> <span class='ocrx_word' id='word_1_29' title='bbox 1314 811 1407 884; x_wconf 90' lang='lat' dir='ltr'><strong>ibi</strong></span> <span class='ocrx_word' id='word_1_30' title='bbox 1450 810 1721 907; x_wconf 87' lang='lat' dir='ltr'><strong>quidem</strong></span> <span class='ocrx_word' id='word_1_31' title='bbox 1757 826 1826 880; x_wconf 91' lang='lat' dir='ltr'><strong>et</strong></span> <span class='ocrx_word' id='word_1_32' title='bbox 1869 836 1906 879; x_wconf 91' lang='lat' dir='ltr'><strong>e</strong></span> <span class='ocrx_word' id='word_1_33' title='bbox 1962 813 2204 901; x_wconf 90' lang='lat' dir='ltr'><strong>ramis,</strong></span> <span class='ocrx_word' id='word_1_34' title='bbox 2257 839 2338 885; x_wconf 93' lang='lat' dir='ltr'><strong>ac</strong></span> 
     </span>
     <span class='ocr_line' id='line_1_6' title="bbox 179 914 2337 1051; baseline 0.003 -66"><span class='ocrx_word' id='word_1_35' title='bbox 179 914 547 1000; x_wconf 87' lang='lat' dir='ltr'><strong>radicibus,</strong></span> <span class='ocrx_word' id='word_1_36' title='bbox 586 940 797 1051; x_wconf 41' lang='lat' dir='ltr'><strong>&lt;guum</strong></span> <span class='ocrx_word' id='word_1_37' title='bbox 848 919 1130 989; x_wconf 87' lang='lat' dir='ltr'><strong>resina²²</strong></span> <span class='ocrx_word' id='word_1_38' title='bbox 1171 919 1530 989; x_wconf 80' lang='lat' dir='ltr'><strong>damnetur</strong></span> <span class='ocrx_word' id='word_1_39' title='bbox 1574 943 1656 987; x_wconf 84' lang='lat' dir='ltr'><strong>ex</strong></span> <span class='ocrx_word' id='word_1_40' title='bbox 1709 918 1812 987; x_wconf 92' lang='lat' dir='ltr'><strong>his</strong></span> <span class='ocrx_word' id='word_1_41' title='bbox 1864 920 2192 1013; x_wconf 87' lang='lat' dir='ltr'><strong>partibus.</strong></span> <span class='ocrx_word' id='word_1_42' title='bbox 2253 924 2337 991; x_wconf 94' lang='lat' dir='ltr'><strong>In</strong></span> 
     </span>
     <span class='ocr_line' id='line_1_7' title="bbox 176 1014 2336 1111; baseline 0.004 -20"><span class='ocrx_word' id='word_1_43' title='bbox 176 1022 607 1093; x_wconf 50' lang='lat' dir='ltr'><strong>Macedoni&amp;</strong></span> <span class='ocrx_word' id='word_1_44' title='bbox 682 1022 951 1095; x_wconf 86' lang='lat' dir='ltr'><strong>laricem</strong></span> <span class='ocrx_word' id='word_1_45' title='bbox 994 1025 1359 1098; x_wconf 84' lang='lat' dir='ltr'>masculam</span> <span class='ocrx_word' id='word_1_46' title='bbox 1399 1039 1610 1095; x_wconf 87' lang='lat' dir='ltr'><strong>urunt</strong></span> <span class='ocrx_word' id='word_1_47' title='bbox 1639 1014 1688 1057; x_wconf 66' lang='lat'><strong>²⁴</strong></span> <span class='ocrx_word' id='word_1_48' title='bbox 1711 1078 1730 1111; x_wconf 94' lang='lat'><strong>,</strong></span> <span class='ocrx_word' id='word_1_49' title='bbox 1761 1024 2024 1095; x_wconf 85' lang='lat' dir='ltr'><strong>feminae</strong></span> <span class='ocrx_word' id='word_1_50' title='bbox 2079 1026 2336 1099; x_wconf 82' lang='lat' dir='ltr'><strong>radices</strong></span> 
     </span>
     <span class='ocr_line' id='line_1_8' title="bbox 178 1130 2332 1231; baseline 0.001 -31"><span class='ocrx_word' id='word_1_51' title='bbox 178 1142 455 1201; x_wconf 82' lang='lat' dir='ltr'><strong>tantum.</strong></span> <span class='ocrx_word' id='word_1_52' title='bbox 493 1130 977 1227; x_wconf 88' lang='lat' dir='ltr'><strong>Theopompus</strong></span> <span class='ocrx_word' id='word_1_53' title='bbox 1016 1134 1302 1229; x_wconf 85' lang='lat' dir='ltr'><strong>scripsit,</strong></span> <span class='ocrx_word' id='word_1_54' title='bbox 1340 1134 1411 1203; x_wconf 89' lang='lat' dir='ltr'><strong>in</strong></span> <span class='ocrx_word' id='word_1_55' title='bbox 1428 1130 2003 1227; x_wconf 81' lang='lat' dir='ltr'><strong>Apolloniatarum</strong></span> <span class='ocrx_word' id='word_1_56' title='bbox 2030 1157 2194 1231; x_wconf 83' lang='lat' dir='ltr'><strong>agro</strong></span> <span class='ocrx_word' id='word_1_57' title='bbox 2233 1136 2332 1230; x_wconf 90' lang='lat' dir='ltr'><strong>pi-</strong></span> 
     </span>
     <span class='ocr_line' id='line_1_9' title="bbox 176 1228 2330 1325; baseline 0.003 -20"><span class='ocrx_word' id='word_1_58' title='bbox 176 1260 313 1305; x_wconf 88' lang='lat' dir='ltr'><strong>cem</strong></span> <span class='ocrx_word' id='word_1_59' title='bbox 360 1236 659 1309; x_wconf 86' lang='lat' dir='ltr'><strong>fossilem</strong></span> <span class='ocrx_word' id='word_1_60' title='bbox 677 1228 761 1325; x_wconf 81' lang='lat'><strong>³⁵,</strong></span> <span class='ocrx_word' id='word_1_61' title='bbox 813 1242 953 1309; x_wconf 88' lang='lat' dir='ltr'><strong>no&#39;n</strong></span> <span class='ocrx_word' id='word_1_62' title='bbox 1009 1238 1409 1311; x_wconf 81' lang='lat' dir='ltr'><strong>deteriorem</strong></span> <span class='ocrx_word' id='word_1_63' title='bbox 1467 1237 1912 1311; x_wconf 88' lang='lat' dir='ltr'><strong>Macedonica</strong></span> <span class='ocrx_word' id='word_1_64' title='bbox 1938 1292 1958 1325; x_wconf 88' lang='lat'><strong>,</strong></span> <span class='ocrx_word' id='word_1_65' title='bbox 2025 1242 2330 1311; x_wconf 85' lang='lat' dir='ltr'><strong>inveniri.</strong></span> 
     </span>
     <span class='ocr_line' id='line_1_10' title="bbox 175 1332 2402 1445; baseline 0.004 -34"><span class='ocrx_word' id='word_1_66' title='bbox 175 1345 283 1415; x_wconf 86' lang='lat' dir='ltr'><strong>Pix</strong></span> <span class='ocrx_word' id='word_1_67' title='bbox 316 1332 650 1440; x_wconf 80' lang='lat' dir='ltr'><strong>optima²⁶</strong></span> <span class='ocrx_word' id='word_1_68' title='bbox 694 1344 941 1440; x_wconf 90' lang='lat' dir='ltr'><strong>ubique</strong></span> <span class='ocrx_word' id='word_1_69' title='bbox 974 1372 1058 1415; x_wconf 86' lang='lat' dir='ltr'><strong>ex</strong></span> <span class='ocrx_word' id='word_1_70' title='bbox 1083 1350 1361 1443; x_wconf 80' lang='lat' dir='ltr'><strong>apriciS‚</strong></span> <span class='ocrx_word' id='word_1_71' title='bbox 1392 1345 1742 1443; x_wconf 81' lang='lat' dir='ltr'><strong>Aquilonis</strong></span> <span class='ocrx_word' id='word_1_72' title='bbox 1779 1347 1936 1428; x_wconf 62' lang='lat' dir='ltr'><strong>situ,</strong></span> <span class='ocrx_word' id='word_1_73' title='bbox 1961 1348 2066 1417; x_wconf 84' lang='lat' dir='ltr'><strong>Ex</strong></span> <span class='ocrx_word' id='word_1_74' title='bbox 2105 1351 2330 1445; x_wconf 87' lang='lat' dir='ltr'><strong>opacis</strong></span> <span class='ocrx_word' id='word_1_75' title='bbox 2371 1364 2402 1411; x_wconf 70' lang='lat'><strong><em>⁴</em></strong></span> 
     </span>
    </p>
   </div>
   <div class='ocr_carea' id='block_1_4' title="bbox 156 1542 1205 4105">
    <p class='ocr_par' dir='ltr' id='par_1_4' title="bbox 170 1542 1205 2017">
     <span class='ocr_line' id='line_1_11' title="bbox 173 1542 1199 1617; baseline 0.005 -22"><span class='ocrx_word' id='word_1_76' title='bbox 173 1544 233 1596; x_wconf 89' lang='lat' dir='ltr'><strong>tis</strong></span> <span class='ocrx_word' id='word_1_77' title='bbox 258 1544 791 1614; x_wconf 81' lang='lat' dir='ltr'><strong>facile‚putrefacta,</strong></span> <span class='ocrx_word' id='word_1_78' title='bbox 824 1542 1099 1617; x_wconf 83' lang='lat' dir='ltr'><strong>dejicitur,</strong></span> <span class='ocrx_word' id='word_1_79' title='bbox 1138 1566 1199 1601; x_wconf 86' lang='lat' dir='ltr'><strong>ac</strong></span> 
     </span>
     <span class='ocr_line' id='line_1_12' title="bbox 170 1616 1199 1693; baseline 0.003 -16"><span class='ocrx_word' id='word_1_80' title='bbox 170 1636 278 1677; x_wconf 86' lang='lat' dir='ltr'><strong>tum</strong></span> <span class='ocrx_word' id='word_1_81' title='bbox 296 1616 537 1677; x_wconf 76' lang='lat' dir='ltr'><strong>medulla</strong></span> <span class='ocrx_word' id='word_1_82' title='bbox 562 1637 616 1677; x_wconf 86' lang='lat' dir='ltr'><strong>et</strong></span> <span class='ocrx_word' id='word_1_83' title='bbox 640 1625 837 1693; x_wconf 88' lang='lat' dir='ltr'><strong>trunci,</strong></span> <span class='ocrx_word' id='word_1_84' title='bbox 859 1640 911 1679; x_wconf 90' lang='lat' dir='ltr'><strong>et</strong></span> <span class='ocrx_word' id='word_1_85' title='bbox 935 1625 1199 1691; x_wconf 83' lang='lat' dir='ltr'><strong>radicum,</strong></span> 
     </span>
     <span class='ocr_line' id='line_1_13' title="bbox 171 1704 1205 1776; baseline 0.003 -18"><span class='ocrx_word' id='word_1_86' title='bbox 171 1722 281 1776; x_wconf 73' lang='lat' dir='ltr'><strong>quo</strong></span> <span class='ocrx_word' id='word_1_87' title='bbox 296 1704 541 1759; x_wconf 78' lang='lat' dir='ltr'><strong>maxime</strong></span> <span class='ocrx_word' id='word_1_88' title='bbox 560 1707 793 1761; x_wconf 74' lang='lat' dir='ltr'><strong>resinosa</strong></span> <span class='ocrx_word' id='word_1_89' title='bbox 814 1718 893 1759; x_wconf 87' lang='lat' dir='ltr'><strong>est</strong></span> <span class='ocrx_word' id='word_1_90' title='bbox 908 1746 925 1770; x_wconf 90' lang='lat'><strong>,</strong></span> <span class='ocrx_word' id='word_1_91' title='bbox 948 1706 1205 1761; x_wconf 81' lang='lat' dir='ltr'><strong>eximitur</strong></span> 
     </span>
     <span class='ocr_line' id='line_1_14' title="bbox 172 1783 1202 1857; baseline 0.002 -18"><span class='ocrx_word' id='word_1_92' title='bbox 172 1783 235 1849; x_wconf 61' lang='lat' dir='ltr'><strong>sd</strong></span> <span class='ocrx_word' id='word_1_93' title='bbox 260 1783 465 1840; x_wconf 80' lang='lat' dir='ltr'><strong>tedam.</strong></span> <span class='ocrx_word' id='word_1_94' title='bbox 506 1786 861 1857; x_wconf 85' lang='lat' dir='ltr'><strong>Theophrast.</strong></span> <span class='ocrx_word' id='word_1_95' title='bbox 890 1787 1099 1841; x_wconf 59' lang='lat' dir='ltr'><strong>Diuo.</strong></span> <span class='ocrx_word' id='word_1_96' title='bbox 1120 1820 1202 1831; x_wconf 88' lang='lat'>—</span> 
     </span>
     <span class='ocr_line' id='line_1_15' title="bbox 174 1864 1205 1937; baseline 0.004 -20"><span class='ocrx_word' id='word_1_97' title='bbox 174 1867 327 1937; x_wconf 75' lang='lat' dir='ltr'><strong>Quum</strong></span> <span class='ocrx_word' id='word_1_98' title='bbox 356 1865 429 1918; x_wconf 65' lang='lat' dir='ltr'><strong>ld.</strong></span> <span class='ocrx_word' id='word_1_99' title='bbox 456 1866 538 1918; x_wconf 85' lang='lat' dir='ltr'><strong>Ita</strong></span> <span class='ocrx_word' id='word_1_100' title='bbox 559 1864 686 1919; x_wconf 86' lang='lat' dir='ltr'><strong>libri</strong></span> <span class='ocrx_word' id='word_1_101' title='bbox 709 1883 925 1920; x_wconf 83' lang='lat' dir='ltr'><strong>omnes:</strong></span> <span class='ocrx_word' id='word_1_102' title='bbox 943 1868 1205 1921; x_wconf 87' lang='lat' dir='ltr'><strong>subintel·</strong></span> 
     </span>
     <span class='ocr_line' id='line_1_16' title="bbox 170 1944 1136 2017; baseline 0.004 -20"><span class='ocrx_word' id='word_1_103' title='bbox 170 1944 295 2017; x_wconf 73' lang='lat' dir='ltr'><strong>lige,</strong></span> <span class='ocrx_word' id='word_1_104' title='bbox 326 1944 557 2011; x_wconf 75' lang='lat' dir='ltr'><strong>vulnus,</strong></span> <span class='ocrx_word' id='word_1_105' title='bbox 582 1964 673 1999; x_wconf 81' lang='lat' dir='ltr'><strong>seu</strong></span> <span class='ocrx_word' id='word_1_106' title='bbox 704 1945 918 2000; x_wconf 81' lang='lat' dir='ltr'><strong>hulcus.</strong></span> <span class='ocrx_word' id='word_1_107' title='bbox 948 1946 1136 2001; x_wconf 63' lang='lat' dir='ltr'><strong>Huni).</strong></span> 
     </span>
    </p>

    <p class='ocr_par' dir='ltr' id='par_1_5' title="bbox 163 2025 1200 2562">
     <span class='ocr_line' id='line_1_17' title="bbox 244 2025 1199 2095; baseline 0.002 -16"><span class='ocrx_word' id='word_1_108' title='bbox 244 2044 335 2079; x_wconf 69' lang='lat' dir='ltr'><strong>ao.</strong></span> <span class='ocrx_word' id='word_1_109' title='bbox 358 2025 591 2079; x_wconf 61' lang='lat' dir='ltr'><strong>Medulla</strong></span> <span class='ocrx_word' id='word_1_110' title='bbox 621 2028 723 2095; x_wconf 83' lang='lat' dir='ltr'><strong>ejus</strong></span> <span class='ocrx_word' id='word_1_111' title='bbox 750 2030 925 2079; x_wconf 76' lang='lat' dir='ltr'><strong>uritur.</strong></span> <span class='ocrx_word' id='word_1_112' title='bbox 955 2027 1105 2081; x_wconf 85' lang='lat' dir='ltr'><strong>Teda</strong></span> <span class='ocrx_word' id='word_1_113' title='bbox 1135 2045 1199 2081; x_wconf 78' lang='lat' dir='ltr'><strong>ex</strong></span> 
     </span>
     <span class='ocr_line' id='line_1_18' title="bbox 168 2105 1200 2162; baseline 0.004 -4"><span class='ocrx_word' id='word_1_114' title='bbox 168 2124 223 2158; x_wconf 84' lang='lat' dir='ltr'><strong>ea</strong></span> <span class='ocrx_word' id='word_1_115' title='bbox 237 2105 380 2160; x_wconf 76' lang='lat' dir='ltr'><strong>facta</strong></span> <span class='ocrx_word' id='word_1_116' title='bbox 394 2105 741 2159; x_wconf 83' lang='lat' dir='ltr'><strong>candelarum</strong></span> <span class='ocrx_word' id='word_1_117' title='bbox 757 2106 889 2161; x_wconf 80' lang='lat' dir='ltr'><strong>vice.</strong></span> <span class='ocrx_word' id='word_1_118' title='bbox 915 2109 1200 2162; x_wconf 61' lang='lat' dir='ltr'><strong>Damio.—</strong></span> 
     </span>
     <span class='ocr_line' id='line_1_19' title="bbox 164 2184 1200 2257; baseline 0.002 -18"><span class='ocrx_word' id='word_1_119' title='bbox 164 2184 387 2239; x_wconf 67' lang='lat' dir='ltr'><strong>Medulla</strong></span> <span class='ocrx_word' id='word_1_120' title='bbox 404 2188 530 2257; x_wconf 75' lang='lat' dir='ltr'><strong>ejus.</strong></span> <span class='ocrx_word' id='word_1_121' title='bbox 557 2186 737 2253; x_wconf 83' lang='lat' dir='ltr'><strong>Quam</strong></span> <span class='ocrx_word' id='word_1_122' title='bbox 764 2188 970 2241; x_wconf 86' lang='lat' dir='ltr'><strong>arboris</strong></span> <span class='ocrx_word' id='word_1_123' title='bbox 993 2207 1088 2242; x_wconf 88' lang='lat' dir='ltr'><strong>cor</strong></span> <span class='ocrx_word' id='word_1_124' title='bbox 1108 2207 1200 2241; x_wconf 78' lang='lat' dir='ltr'><strong>vo·</strong></span> 
     </span>
     <span class='ocr_line' id='line_1_20' title="bbox 166 2265 1197 2339; baseline 0.002 -20"><span class='ocrx_word' id='word_1_125' title='bbox 166 2280 299 2321; x_wconf 80' lang='lat' dir='ltr'><strong>cant.</strong></span> <span class='ocrx_word' id='word_1_126' title='bbox 326 2266 464 2319; x_wconf 73' lang='lat' dir='ltr'><strong>Haec</strong></span> <span class='ocrx_word' id='word_1_127' title='bbox 506 2285 631 2339; x_wconf 79' lang='lat' dir='ltr'><strong>pars</strong></span> <span class='ocrx_word' id='word_1_128' title='bbox 659 2265 915 2321; x_wconf 82' lang='lat' dir='ltr'><strong>faciendis</strong></span> <span class='ocrx_word' id='word_1_129' title='bbox 959 2266 1095 2320; x_wconf 82' lang='lat' dir='ltr'><strong>tedis</strong></span> <span class='ocrx_word' id='word_1_130' title='bbox 1123 2268 1197 2321; x_wconf 86' lang='lat' dir='ltr'><strong>ob</strong></span> 
     </span>
     <span class='ocr_line' id='line_1_21' title="bbox 163 2345 1198 2421; baseline 0.004 -22"><span class='ocrx_word' id='word_1_131' title='bbox 163 2345 551 2419; x_wconf 73' lang='lat' dir='ltr'><strong>pinguedinem</strong></span> <span class='ocrx_word' id='word_1_132' title='bbox 594 2345 865 2419; x_wconf 84' lang='lat' dir='ltr'><strong>aptissima</strong></span> <span class='ocrx_word' id='word_1_133' title='bbox 902 2364 917 2401; x_wconf 90' lang='lat'>:</span> <span class='ocrx_word' id='word_1_134' title='bbox 968 2348 1198 2421; x_wconf 86' lang='lat' dir='ltr'><strong>ideoque</strong></span> 
     </span>
     <span class='ocr_line' id='line_1_22' title="bbox 166 2427 1195 2501; baseline 0.002 -22"><span class='ocrx_word' id='word_1_135' title='bbox 166 2438 269 2479; x_wconf 86' lang='lat' dir='ltr'><strong>tum</strong></span> <span class='ocrx_word' id='word_1_136' title='bbox 295 2428 499 2481; x_wconf 89' lang='lat' dir='ltr'><strong>uritur.</strong></span> <span class='ocrx_word' id='word_1_137' title='bbox 518 2427 923 2501; x_wconf 77' lang='lat' dir='ltr'><strong>Theophrastus</strong></span> <span class='ocrx_word' id='word_1_138' title='bbox 936 2468 951 2497; x_wconf 93' lang='lat'><strong>,</strong></span> <span class='ocrx_word' id='word_1_139' title='bbox 973 2429 1099 2483; x_wconf 89' lang='lat' dir='ltr'><strong>loco</strong></span> <span class='ocrx_word' id='word_1_140' title='bbox 1118 2430 1195 2483; x_wconf 91' lang='lat' dir='ltr'><strong>ci-</strong></span> 
     </span>
     <span class='ocr_line' id='line_1_23' title="bbox 164 2504 503 2562; baseline 0.003 -3"><span class='ocrx_word' id='word_1_141' title='bbox 164 2518 284 2562; x_wconf 77' lang='lat' dir='ltr'><strong>tato.</strong></span> <span class='ocrx_word' id='word_1_142' title='bbox 308 2504 503 2560; x_wconf 62' lang='lat' dir='ltr'><strong>Han.</strong></span> 
     </span>
    </p>

    <p class='ocr_par' dir='ltr' id='par_1_6' title="bbox 160 2586 1195 3223">
     <span class='ocr_line' id='line_1_24' title="bbox 241 2586 1191 2654; baseline -0.002 -11"><span class='ocrx_word' id='word_1_143' title='bbox 241 2608 269 2643; x_wconf 79' lang='lat'>2</span> <span class='ocrx_word' id='word_1_144' title='bbox 286 2607 309 2643; x_wconf 86' lang='lat'>1</span> <span class='ocrx_word' id='word_1_145' title='bbox 325 2627 340 2640; x_wconf 88' lang='lat'>.</span> <span class='ocrx_word' id='word_1_146' title='bbox 397 2588 459 2641; x_wconf 83' lang='lat' dir='ltr'><strong>In</strong></span> <span class='ocrx_word' id='word_1_147' title='bbox 522 2586 671 2652; x_wconf 75' lang='lat' dir='ltr'><strong>Syria</strong></span> <span class='ocrx_word' id='word_1_148' title='bbox 725 2588 994 2641; x_wconf 74' lang='lat' dir='ltr'><strong>terebintho</strong></span> <span class='ocrx_word' id='word_1_149' title='bbox 1018 2627 1035 2654; x_wconf 93' lang='lat'><strong>,</strong></span> <span class='ocrx_word' id='word_1_150' title='bbox 1090 2601 1191 2643; x_wconf 89' lang='lat' dir='ltr'><strong>etc.</strong></span> 
     </span>
     <span class='ocr_line' id='line_1_25' title="bbox 163 2666 1195 2741; baseline 0.002 -20"><span class='ocrx_word' id='word_1_151' title='bbox 163 2666 569 2741; x_wconf 80' lang='lat' dir='ltr'><strong>Theophrastus</strong></span> <span class='ocrx_word' id='word_1_152' title='bbox 595 2668 669 2721; x_wconf 86' lang='lat' dir='ltr'><strong>ait</strong></span> <span class='ocrx_word' id='word_1_153' title='bbox 696 2669 884 2740; x_wconf 81' lang='lat' dir='ltr'><strong>Syrios</strong></span> <span class='ocrx_word' id='word_1_154' title='bbox 912 2669 1195 2733; x_wconf 79' lang='lat' dir='ltr'><strong>vulnerare</strong></span> 
     </span>
     <span class='ocr_line' id='line_1_26' title="bbox 164 2748 1194 2815; baseline 0.002 -16"><span class='ocrx_word' id='word_1_155' title='bbox 164 2748 593 2801; x_wconf 84' lang='lat' dir='ltr'><strong>terebinthorum</strong></span> <span class='ocrx_word' id='word_1_156' title='bbox 620 2766 796 2801; x_wconf 86' lang='lat' dir='ltr'><strong>ramos</strong></span> <span class='ocrx_word' id='word_1_157' title='bbox 821 2761 875 2802; x_wconf 88' lang='lat' dir='ltr'><strong>et</strong></span> <span class='ocrx_word' id='word_1_158' title='bbox 899 2748 1194 2815; x_wconf 87' lang='lat' dir='ltr'><strong>caudicem,</strong></span> 
     </span>
     <span class='ocr_line' id='line_1_27' title="bbox 162 2826 1194 2894; baseline 0.001 -13"><span class='ocrx_word' id='word_1_159' title='bbox 162 2826 225 2881; x_wconf 83' lang='lat' dir='ltr'><strong>ad</strong></span> <span class='ocrx_word' id='word_1_160' title='bbox 249 2826 579 2881; x_wconf 84' lang='lat' dir='ltr'><strong>eliciendam</strong></span> <span class='ocrx_word' id='word_1_161' title='bbox 612 2828 873 2894; x_wconf 82' lang='lat' dir='ltr'><strong>resinam,</strong></span> <span class='ocrx_word' id='word_1_162' title='bbox 916 2829 1194 2883; x_wconf 89' lang='lat' dir='ltr'><strong>meliorem</strong></span> 
     </span>
     <span class='ocr_line' id='line_1_28' title="bbox 162 2908 1191 2980; baseline 0.002 -19"><span class='ocrx_word' id='word_1_163' title='bbox 162 2920 337 2961; x_wconf 84' lang='lat' dir='ltr'><strong>tamen</strong></span> <span class='ocrx_word' id='word_1_164' title='bbox 378 2922 436 2961; x_wconf 85' lang='lat' dir='ltr'><strong>et</strong></span> <span class='ocrx_word' id='word_1_165' title='bbox 474 2908 761 2980; x_wconf 76' lang='lat' dir='ltr'><strong>largiorem</strong></span> <span class='ocrx_word' id='word_1_166' title='bbox 808 2908 1084 2962; x_wconf 89' lang='lat' dir='ltr'><strong>confluere</strong></span> <span class='ocrx_word' id='word_1_167' title='bbox 1134 2910 1191 2963; x_wconf 89' lang='lat' dir='ltr'><strong>in</strong></span> 
     </span>
     <span class='ocr_line' id='line_1_29' title="bbox 160 2986 1195 3059; baseline 0.004 -17"><span class='ocrx_word' id='word_1_168' title='bbox 160 2986 473 3053; x_wconf 64' lang='lat' dir='ltr'><strong>caudicem,</strong></span> <span class='ocrx_word' id='word_1_169' title='bbox 504 3006 665 3059; x_wconf 86' lang='lat' dir='ltr'><strong>quam</strong></span> <span class='ocrx_word' id='word_1_170' title='bbox 694 2988 751 3042; x_wconf 88' lang='lat' dir='ltr'><strong>in</strong></span> <span class='ocrx_word' id='word_1_171' title='bbox 778 3008 982 3055; x_wconf 85' lang='lat' dir='ltr'><strong>ramos,</strong></span> <span class='ocrx_word' id='word_1_172' title='bbox 1026 2990 1103 3045; x_wconf 81' lang='grc' dir='ltr'><strong>ἀεὶ</strong></span> <span class='ocrx_word' id='word_1_173' title='bbox 1134 2986 1195 3046; x_wconf 66' lang='grc' dir='ltr'><strong>δὲ</strong></span> 
     </span>
     <span class='ocr_line' id='line_1_30' title="bbox 160 3068 1192 3140; baseline 0.001 -17"><span class='ocrx_word' id='word_1_174' title='bbox 160 3070 339 3123; x_wconf 69' lang='grc' dir='ltr'><strong>κλείων</strong></span> <span class='ocrx_word' id='word_1_175' title='bbox 370 3068 458 3122; x_wconf 72' lang='grc' dir='ltr'><strong>καὶ</strong></span> <span class='ocrx_word' id='word_1_176' title='bbox 493 3068 697 3135; x_wconf 82' lang='grc' dir='ltr'><strong>βελτίων</strong></span> <span class='ocrx_word' id='word_1_177' title='bbox 732 3070 765 3127; x_wconf 77' lang='grc' dir='ltr'><strong>ἡ</strong></span> <span class='ocrx_word' id='word_1_178' title='bbox 803 3070 871 3131; x_wconf 83' lang='grc' dir='ltr'><strong>εἰς</strong></span> <span class='ocrx_word' id='word_1_179' title='bbox 907 3072 963 3125; x_wconf 80' lang='grc' dir='ltr'><strong>τὸ</strong></span> <span class='ocrx_word' id='word_1_180' title='bbox 994 3070 1192 3140; x_wconf 70' lang='grc' dir='ltr'><strong>ςίλεχος</strong></span> 
     </span>
     <span class='ocr_line' id='line_1_31' title="bbox 160 3148 1130 3223; baseline 0.001 -21"><span class='ocrx_word' id='word_1_181' title='bbox 160 3151 461 3223; x_wconf 49' lang='lat' dir='ltr'><strong>sepitionem,</strong></span> <span class='ocrx_word' id='word_1_182' title='bbox 488 3152 577 3209; x_wconf 75' lang='grc' dir='ltr'><strong>τῆς</strong></span> <span class='ocrx_word' id='word_1_183' title='bbox 603 3150 668 3211; x_wconf 78' lang='grc' dir='ltr'><strong>είς</strong></span> <span class='ocrx_word' id='word_1_184' title='bbox 696 3150 809 3210; x_wconf 74' lang='grc' dir='ltr'>τοὺς</span> <span class='ocrx_word' id='word_1_185' title='bbox 835 3148 1130 3221; x_wconf 54' lang='lat' dir='ltr'><strong>&amp;spinoso-c.</strong></span> 
     </span>
    </p>

    <p class='ocr_par' dir='ltr' id='par_1_7' title="bbox 156 3229 1196 3863">
     <span class='ocr_line' id='line_1_32' title="bbox 239 3229 1194 3299; baseline 0 -15"><span class='ocrx_word' id='word_1_186' title='bbox 239 3250 337 3284; x_wconf 67' lang='grc' dir='ltr'><strong>υ.</strong></span> <span class='ocrx_word' id='word_1_187' title='bbox 376 3230 541 3299; x_wconf 82' lang='lat' dir='ltr'><strong>Quum</strong></span> <span class='ocrx_word' id='word_1_188' title='bbox 569 3232 744 3282; x_wconf 76' lang='lat' dir='ltr'><strong>resina.</strong></span> <span class='ocrx_word' id='word_1_189' title='bbox 787 3229 971 3298; x_wconf 88' lang='lat' dir='ltr'><strong>Quum</strong></span> <span class='ocrx_word' id='word_1_190' title='bbox 998 3230 1057 3283; x_wconf 90' lang='lat' dir='ltr'><strong>in</strong></span> <span class='ocrx_word' id='word_1_191' title='bbox 1082 3230 1194 3285; x_wconf 87' lang='lat' dir='ltr'><strong>Eu-</strong></span> 
     </span>
     <span class='ocr_line' id='line_1_33' title="bbox 158 3308 1196 3381; baseline 0.002 -18"><span class='ocrx_word' id='word_1_192' title='bbox 158 3328 306 3381; x_wconf 71' lang='lat' dir='ltr'><strong>ropae</strong></span> <span class='ocrx_word' id='word_1_193' title='bbox 336 3320 545 3374; x_wconf 84' lang='lat' dir='ltr'><strong>tractu,</strong></span> <span class='ocrx_word' id='word_1_194' title='bbox 569 3308 777 3381; x_wconf 86' lang='lat' dir='ltr'><strong>inquit,</strong></span> <span class='ocrx_word' id='word_1_195' title='bbox 816 3310 989 3365; x_wconf 84' lang='lat' dir='ltr'><strong>resina</strong></span> <span class='ocrx_word' id='word_1_196' title='bbox 1018 3312 1196 3365; x_wconf 82' lang='lat' dir='ltr'><strong>omnis</strong></span> 
     </span>
     <span class='ocr_line' id='line_1_34' title="bbox 158 3386 1194 3462; baseline 0.002 -19"><span class='ocrx_word' id='word_1_197' title='bbox 158 3386 448 3444; x_wconf 79' lang='lat' dir='ltr'><strong>damnetur</strong></span> <span class='ocrx_word' id='word_1_198' title='bbox 464 3431 481 3453; x_wconf 88' lang='lat'><strong>,</strong></span> <span class='ocrx_word' id='word_1_199' title='bbox 515 3406 635 3462; x_wconf 72' lang='lat' dir='ltr'><strong>quae</strong></span> <span class='ocrx_word' id='word_1_200' title='bbox 659 3408 723 3443; x_wconf 88' lang='lat' dir='ltr'><strong>ex</strong></span> <span class='ocrx_word' id='word_1_201' title='bbox 748 3390 917 3462; x_wconf 75' lang='lat' dir='ltr'><strong>piceae</strong></span> <span class='ocrx_word' id='word_1_202' title='bbox 933 3430 948 3453; x_wconf 86' lang='lat'><strong>,</strong></span> <span class='ocrx_word' id='word_1_203' title='bbox 980 3391 1194 3458; x_wconf 84' lang='lat' dir='ltr'><strong>laricis,</strong></span> 
     </span>
     <span class='ocr_line' id='line_1_35' title="bbox 158 3468 1192 3541; baseline 0.004 -20"><span class='ocrx_word' id='word_1_204' title='bbox 158 3470 458 3541; x_wconf 84' lang='lat' dir='ltr'><strong>abietisque</strong></span> <span class='ocrx_word' id='word_1_205' title='bbox 481 3468 641 3523; x_wconf 86' lang='lat' dir='ltr'><strong>ramis</strong></span> <span class='ocrx_word' id='word_1_206' title='bbox 663 3488 725 3524; x_wconf 85' lang='lat' dir='ltr'><strong>ac</strong></span> <span class='ocrx_word' id='word_1_207' title='bbox 754 3469 1023 3524; x_wconf 82' lang='lat' dir='ltr'><strong>radicibus</strong></span> <span class='ocrx_word' id='word_1_208' title='bbox 1043 3472 1192 3525; x_wconf 89' lang='lat' dir='ltr'><strong>elici-</strong></span> 
     </span>
     <span class='ocr_line' id='line_1_36' title="bbox 159 3548 1195 3624; baseline 0.003 -21"><span class='ocrx_word' id='word_1_209' title='bbox 159 3562 243 3603; x_wconf 85' lang='lat' dir='ltr'><strong>tur</strong></span> <span class='ocrx_word' id='word_1_210' title='bbox 266 3570 281 3604; x_wconf 91' lang='lat'><strong>:</strong></span> <span class='ocrx_word' id='word_1_211' title='bbox 310 3549 369 3603; x_wconf 86' lang='lat' dir='ltr'><strong>in</strong></span> <span class='ocrx_word' id='word_1_212' title='bbox 393 3548 551 3621; x_wconf 75' lang='lat' dir='ltr'><strong>Syria</strong></span> <span class='ocrx_word' id='word_1_213' title='bbox 577 3563 761 3603; x_wconf 84' lang='lat' dir='ltr'><strong>contra</strong></span> <span class='ocrx_word' id='word_1_214' title='bbox 788 3549 1058 3617; x_wconf 89' lang='lat' dir='ltr'><strong>laudatur,</strong></span> <span class='ocrx_word' id='word_1_215' title='bbox 1074 3570 1195 3624; x_wconf 66' lang='lat' dir='ltr'><strong>qun</strong></span> 
     </span>
     <span class='ocr_line' id='line_1_37' title="bbox 158 3628 1194 3703; baseline 0.003 -21"><span class='ocrx_word' id='word_1_216' title='bbox 158 3648 221 3683; x_wconf 86' lang='lat' dir='ltr'><strong>ex</strong></span> <span class='ocrx_word' id='word_1_217' title='bbox 248 3628 445 3683; x_wconf 82' lang='lat' dir='ltr'><strong>iisdem</strong></span> <span class='ocrx_word' id='word_1_218' title='bbox 476 3629 766 3683; x_wconf 83' lang='lat' dir='ltr'><strong>terebinthi</strong></span> <span class='ocrx_word' id='word_1_219' title='bbox 793 3630 1041 3703; x_wconf 87' lang='lat' dir='ltr'><strong>partibus</strong></span> <span class='ocrx_word' id='word_1_220' title='bbox 1082 3652 1194 3685; x_wconf 81' lang='lat' dir='ltr'><strong>ma-</strong></span> 
     </span>
     <span class='ocr_line' id='line_1_38' title="bbox 156 3710 1193 3783; baseline 0.003 -21"><span class='ocrx_word' id='word_1_221' title='bbox 156 3722 261 3764; x_wconf 85' lang='lat' dir='ltr'><strong>nat.</strong></span> <span class='ocrx_word' id='word_1_222' title='bbox 290 3710 397 3763; x_wconf 78' lang='lat' dir='ltr'><strong>nic</strong></span> <span class='ocrx_word' id='word_1_223' title='bbox 427 3710 735 3782; x_wconf 83' lang='lat' dir='ltr'><strong>Dalecamp.</strong></span> <span class='ocrx_word' id='word_1_224' title='bbox 763 3723 826 3765; x_wconf 87' lang='lat' dir='ltr'><strong>ut</strong></span> <span class='ocrx_word' id='word_1_225' title='bbox 870 3730 1011 3783; x_wconf 77' lang='lat' dir='ltr'><strong>saepe</strong></span> <span class='ocrx_word' id='word_1_226' title='bbox 1038 3712 1193 3779; x_wconf 87' lang='lat' dir='ltr'><strong>alias,</strong></span> 
     </span>
     <span class='ocr_line' id='line_1_39' title="bbox 156 3786 667 3863; baseline -0.002 -20"><span class='ocrx_word' id='word_1_227' title='bbox 156 3789 454 3863; x_wconf 81' lang='lat' dir='ltr'><strong>cespitavit.</strong></span> <span class='ocrx_word' id='word_1_228' title='bbox 482 3786 667 3843; x_wconf 73' lang='lat' dir='ltr'><strong>Hsnn.</strong></span> 
     </span>
    </p>

    <p class='ocr_par' dir='ltr' id='par_1_8' title="bbox 162 3864 1193 4105">
     <span class='ocr_line' id='line_1_40' title="bbox 242 3864 1193 3938; baseline 0.001 -14"><span class='ocrx_word' id='word_1_229' title='bbox 242 3868 337 3924; x_wconf 76' lang='lat'><strong>23.</strong></span> <span class='ocrx_word' id='word_1_230' title='bbox 386 3869 451 3922; x_wconf 82' lang='lat' dir='ltr'><strong>In</strong></span> <span class='ocrx_word' id='word_1_231' title='bbox 498 3864 807 3923; x_wconf 61' lang='lat' dir='ltr'><strong>Macedonia.</strong></span> <span class='ocrx_word' id='word_1_232' title='bbox 842 3870 1193 3938; x_wconf 82' lang='lat' dir='ltr'><strong>Macedones,</strong></span> 
     </span>
     <span class='ocr_line' id='line_1_41' title="bbox 162 3948 1191 4025; baseline 0.004 -25"><span class='ocrx_word' id='word_1_233' title='bbox 162 3950 371 4023; x_wconf 86' lang='lat' dir='ltr'><strong>inquit,</strong></span> <span class='ocrx_word' id='word_1_234' title='bbox 411 3948 481 4003; x_wconf 85' lang='lat' dir='ltr'><strong>ad</strong></span> <span class='ocrx_word' id='word_1_235' title='bbox 518 3948 920 4023; x_wconf 83' lang='lat' dir='ltr'><strong>exprimendam</strong></span> <span class='ocrx_word' id='word_1_236' title='bbox 956 3952 1129 4025; x_wconf 86' lang='lat' dir='ltr'><strong>picem</strong></span> <span class='ocrx_word' id='word_1_237' title='bbox 1160 3971 1191 4004; x_wconf 89' lang='lat' dir='ltr'><strong>e</strong></span> 
     </span>
     <span class='ocr_line' id='line_1_42' title="bbox 164 4030 1193 4105; baseline 0.002 -22"><span class='ocrx_word' id='word_1_238' title='bbox 164 4030 325 4085; x_wconf 82' lang='lat' dir='ltr'><strong>larice</strong></span> <span class='ocrx_word' id='word_1_239' title='bbox 342 4070 358 4095; x_wconf 90' lang='lat'><strong>,</strong></span> <span class='ocrx_word' id='word_1_240' title='bbox 388 4030 679 4085; x_wconf 82' lang='lat' dir='ltr'><strong>masculam</strong></span> <span class='ocrx_word' id='word_1_241' title='bbox 700 4030 918 4105; x_wconf 85' lang='lat' dir='ltr'><strong>quidem</strong></span> <span class='ocrx_word' id='word_1_242' title='bbox 932 4045 1099 4087; x_wconf 86' lang='lat' dir='ltr'><strong>urunt</strong></span> <span class='ocrx_word' id='word_1_243' title='bbox 1112 4046 1193 4085; x_wconf 88' lang='lat' dir='ltr'><strong>to-</strong></span> 
     </span>
    </p>
   </div>
   <div class='ocr_carea' id='block_1_5' title="bbox 1279 1545 2330 3378">
    <p class='ocr_par' dir='ltr' id='par_1_9' title="bbox 1288 1545 2330 2019">
     <span class='ocr_line' id='line_1_43' title="bbox 1298 1545 2330 1617; baseline 0.002 -17"><span class='ocrx_word' id='word_1_244' title='bbox 1298 1546 1441 1601; x_wconf 80' lang='lat' dir='ltr'><strong>enim</strong></span> <span class='ocrx_word' id='word_1_245' title='bbox 1482 1545 1712 1599; x_wconf 84' lang='lat' dir='ltr'><strong>maxime</strong></span> <span class='ocrx_word' id='word_1_246' title='bbox 1751 1557 1902 1617; x_wconf 86' lang='lat' dir='ltr'><strong>parte</strong></span> <span class='ocrx_word' id='word_1_247' title='bbox 1941 1546 2174 1601; x_wconf 86' lang='lat' dir='ltr'><strong>resinosa</strong></span> <span class='ocrx_word' id='word_1_248' title='bbox 2215 1560 2330 1602; x_wconf 83' lang='lat' dir='ltr'><strong>cst:</strong></span> 
     </span>
     <span class='ocr_line' id='line_1_44' title="bbox 1296 1622 2328 1699; baseline 0.001 -19"><span class='ocrx_word' id='word_1_249' title='bbox 1296 1628 1367 1680; x_wconf 69' lang='lat' dir='ltr'><strong>Ol</strong></span> <span class='ocrx_word' id='word_1_250' title='bbox 1405 1647 1462 1698; x_wconf 82' lang='grc' dir='ltr'><strong>γε</strong></span> <span class='ocrx_word' id='word_1_251' title='bbox 1509 1626 1621 1699; x_wconf 80' lang='grc' dir='ltr'><strong>περὶ</strong></span> <span class='ocrx_word' id='word_1_252' title='bbox 1671 1622 2026 1693; x_wconf 69' lang='grc' dir='ltr'><strong>Μακεδονίαν,</strong></span> <span class='ocrx_word' id='word_1_253' title='bbox 2077 1624 2192 1683; x_wconf 72' lang='grc' dir='ltr'><strong>οὸδὶ</strong></span> <span class='ocrx_word' id='word_1_254' title='bbox 2240 1630 2328 1687; x_wconf 71' lang='grc' dir='ltr'><strong>τὴν</strong></span> 
     </span>
     <span class='ocr_line' id='line_1_45' title="bbox 1291 1707 2328 1771; baseline 0 -10"><span class='ocrx_word' id='word_1_255' title='bbox 1291 1710 1479 1769; x_wconf 65' lang='grc' dir='ltr'><strong>πεύκην</strong></span> <span class='ocrx_word' id='word_1_256' title='bbox 1506 1712 1920 1763; x_wconf 75' lang='grc' dir='ltr'><strong>πιττοκαυτοῦσιν</strong></span> <span class='ocrx_word' id='word_1_257' title='bbox 1936 1745 1955 1771; x_wconf 82' lang='lat'>‚</span> <span class='ocrx_word' id='word_1_258' title='bbox 1977 1707 2105 1768; x_wconf 63' lang='grc' dir='ltr'><strong>πλὴν</strong></span> <span class='ocrx_word' id='word_1_259' title='bbox 2134 1707 2262 1765; x_wconf 71' lang='grc' dir='ltr'>ἀλλὰ</span> <span class='ocrx_word' id='word_1_260' title='bbox 2295 1712 2328 1767; x_wconf 81' lang='grc' dir='ltr'><strong>ἢ</strong></span> 
     </span>
     <span class='ocr_line' id='line_1_46' title="bbox 1292 1781 2326 1861; baseline 0.002 -21"><span class='ocrx_word' id='word_1_261' title='bbox 1292 1792 1381 1847; x_wconf 70' lang='grc' dir='ltr'><strong>τὴν</strong></span> <span class='ocrx_word' id='word_1_262' title='bbox 1411 1790 1606 1861; x_wconf 70' lang='grc' dir='ltr'><strong>ᾶρῥενα·</strong></span> <span class='ocrx_word' id='word_1_263' title='bbox 1641 1790 1730 1847; x_wconf 68' lang='grc' dir='ltr'><strong>τῆς</strong></span> <span class='ocrx_word' id='word_1_264' title='bbox 1757 1781 1818 1840; x_wconf 64' lang='grc' dir='ltr'><strong>δὲ</strong></span> <span class='ocrx_word' id='word_1_265' title='bbox 1838 1790 2051 1852; x_wconf 77' lang='grc' dir='ltr'><strong>θηλείας,</strong></span> <span class='ocrx_word' id='word_1_266' title='bbox 2074 1787 2160 1841; x_wconf 66' lang='grc' dir='ltr'><strong>ὃάν</strong></span> <span class='ocrx_word' id='word_1_267' title='bbox 2190 1809 2326 1853; x_wconf 72' lang='grc' dir='ltr'><strong>τινας</strong></span> 
     </span>
     <span class='ocr_line' id='line_1_47' title="bbox 1291 1863 2325 1940; baseline -0.001 -19"><span class='ocrx_word' id='word_1_268' title='bbox 1291 1875 1389 1921; x_wconf 75' lang='grc' dir='ltr'><strong>τῶν</strong></span> <span class='ocrx_word' id='word_1_269' title='bbox 1414 1870 1552 1940; x_wconf 77' lang='grc' dir='ltr'><strong>ῥιζῶν</strong></span> <span class='ocrx_word' id='word_1_270' title='bbox 1579 1864 1819 1920; x_wconf 57' lang='lat' dir='ltr'><strong>adeum·</strong></span> <span class='ocrx_word' id='word_1_271' title='bbox 1851 1868 2032 1919; x_wconf 75' lang='grc' dir='ltr'>ἅπασα</span> <span class='ocrx_word' id='word_1_272' title='bbox 2054 1866 2148 1938; x_wconf 77' lang='grc' dir='ltr'><strong>γὰρ</strong></span> <span class='ocrx_word' id='word_1_273' title='bbox 2175 1863 2325 1939; x_wconf 62' lang='lat'><strong>{23⁴4-</strong></span> 
     </span>
     <span class='ocr_line' id='line_1_48' title="bbox 1288 1942 2320 2019; baseline 0.004 -20"><span class='ocrx_word' id='word_1_274' title='bbox 1288 1942 1377 2011; x_wconf 69' lang='grc' dir='ltr'><strong>δος</strong></span> <span class='ocrx_word' id='word_1_275' title='bbox 1398 1950 1558 2005; x_wconf 75' lang='grc' dir='ltr'><strong>πεύκη</strong></span> <span class='ocrx_word' id='word_1_276' title='bbox 1580 1949 1692 2010; x_wconf 79' lang='grc' dir='ltr'>ταῖς</span> <span class='ocrx_word' id='word_1_277' title='bbox 1715 1948 1888 2019; x_wconf 74' lang='grc' dir='ltr'><strong>ῥίζαις,</strong></span> <span class='ocrx_word' id='word_1_278' title='bbox 1905 1964 1937 1999; x_wconf 77' lang='lat' dir='ltr'><strong>e</strong></span> <span class='ocrx_word' id='word_1_279' title='bbox 1955 1946 2233 2019; x_wconf 81' lang='lat' dir='ltr'><strong>Theophr.</strong></span> <span class='ocrx_word' id='word_1_280' title='bbox 2249 1949 2320 2003; x_wconf 80' lang='grc' dir='ltr'><strong>Η.</strong></span> 
     </span>
    </p>

    <p class='ocr_par' dir='ltr' id='par_1_10' title="bbox 1283 2026 2320 2419">
     <span class='ocr_line' id='line_1_49' title="bbox 1374 2026 2320 2092; baseline 0.001 -11"><span class='ocrx_word' id='word_1_281' title='bbox 1374 2035 1463 2092; x_wconf 73' lang='lat'><strong>²4·</strong></span> <span class='ocrx_word' id='word_1_282' title='bbox 1492 2030 1714 2083; x_wconf 60' lang='lat' dir='ltr'><strong>Loricam</strong></span> <span class='ocrx_word' id='word_1_283' title='bbox 1741 2026 2002 2079; x_wconf 77' lang='lat' dir='ltr'><strong>masculam</strong></span> <span class='ocrx_word' id='word_1_284' title='bbox 2027 2039 2193 2081; x_wconf 77' lang='lat' dir='ltr'><strong>urunt.</strong></span> <span class='ocrx_word' id='word_1_285' title='bbox 2234 2026 2320 2082; x_wconf 76' lang='lat' dir='ltr'><strong>Ad</strong></span> 
     </span>
     <span class='ocr_line' id='line_1_50' title="bbox 1286 2105 2316 2179; baseline 0.002 -18"><span class='ocrx_word' id='word_1_286' title='bbox 1286 2108 1463 2179; x_wconf 75' lang='lat' dir='ltr'><strong>picem</strong></span> <span class='ocrx_word' id='word_1_287' title='bbox 1518 2105 1910 2163; x_wconf 83' lang='lat' dir='ltr'><strong>conficiendam</strong></span> <span class='ocrx_word' id='word_1_288' title='bbox 1962 2106 2316 2178; x_wconf 83' lang='lat' dir='ltr'><strong>Theophrast.</strong></span> 
     </span>
     <span class='ocr_line' id='line_1_51' title="bbox 1285 2185 2317 2260; baseline 0.001 -20"><span class='ocrx_word' id='word_1_289' title='bbox 1285 2187 1351 2240; x_wconf 87' lang='lat' dir='ltr'><strong>ld</strong></span> <span class='ocrx_word' id='word_1_290' title='bbox 1366 2186 1641 2260; x_wconf 89' lang='lat' dir='ltr'><strong>quomodo</strong></span> <span class='ocrx_word' id='word_1_291' title='bbox 1653 2188 1744 2241; x_wconf 82' lang='lat' dir='ltr'><strong>liat</strong></span> <span class='ocrx_word' id='word_1_292' title='bbox 1756 2227 1772 2252; x_wconf 90' lang='lat'><strong>,</strong></span> <span class='ocrx_word' id='word_1_293' title='bbox 1785 2185 2008 2257; x_wconf 82' lang='lat' dir='ltr'><strong>intelligi</strong></span> <span class='ocrx_word' id='word_1_294' title='bbox 2023 2204 2132 2240; x_wconf 88' lang='lat' dir='ltr'><strong>non</strong></span> <span class='ocrx_word' id='word_1_295' title='bbox 2145 2204 2317 2258; x_wconf 84' lang='lat' dir='ltr'><strong>posse,</strong></span> 
     </span>
     <span class='ocr_line' id='line_1_52' title="bbox 1284 2264 2316 2340; baseline 0.001 -19"><span class='ocrx_word' id='word_1_296' title='bbox 1284 2279 1561 2340; x_wconf 81' lang='lat' dir='ltr'><strong>tamquam</strong></span> <span class='ocrx_word' id='word_1_297' title='bbox 1589 2266 1789 2321; x_wconf 81' lang='lat' dir='ltr'><strong>oblitus</strong></span> <span class='ocrx_word' id='word_1_298' title='bbox 1813 2266 1896 2319; x_wconf 87' lang='lat' dir='ltr'><strong>sui</strong></span> <span class='ocrx_word' id='word_1_299' title='bbox 1916 2264 2120 2321; x_wconf 85' lang='lat' dir='ltr'><strong>Plinius</strong></span> <span class='ocrx_word' id='word_1_300' title='bbox 2151 2266 2316 2323; x_wconf 82' lang='lat' dir='ltr'><strong>tradit</strong></span> 
     </span>
     <span class='ocr_line' id='line_1_53' title="bbox 1283 2347 2068 2419; baseline -0.005 -16"><span class='ocrx_word' id='word_1_301' title='bbox 1283 2348 1380 2403; x_wconf 86' lang='lat' dir='ltr'><strong>lib.</strong></span> <span class='ocrx_word' id='word_1_302' title='bbox 1404 2348 1625 2413; x_wconf 84' lang='lat' dir='ltr'><strong>XXIII,</strong></span> <span class='ocrx_word' id='word_1_303' title='bbox 1647 2366 1842 2419; x_wconf 84' lang='lat' dir='ltr'><strong>cap.7.</strong></span> <span class='ocrx_word' id='word_1_304' title='bbox 1862 2347 2068 2399; x_wconf 63' lang='lat' dir='ltr'><strong>Daue.</strong></span> 
     </span>
    </p>

    <p class='ocr_par' dir='ltr' id='par_1_11' title="bbox 1279 2426 2319 3378">
     <span class='ocr_line' id='line_1_54' title="bbox 1368 2426 2319 2499; baseline -0.002 -17"><span class='ocrx_word' id='word_1_305' title='bbox 1368 2448 1396 2482; x_wconf 76' lang='lat' dir='ltr'><strong>a</strong></span> <span class='ocrx_word' id='word_1_306' title='bbox 1409 2429 1461 2483; x_wconf 80' lang='grc'><strong>5.</strong></span> <span class='ocrx_word' id='word_1_307' title='bbox 1476 2429 1640 2481; x_wconf 65' lang='lat' dir='ltr'><strong>Pie-em</strong></span> <span class='ocrx_word' id='word_1_308' title='bbox 1656 2427 1890 2495; x_wconf 78' lang='lat' dir='ltr'><strong>fossilem.</strong></span> <span class='ocrx_word' id='word_1_309' title='bbox 1907 2426 1981 2478; x_wconf 87' lang='lat' dir='ltr'><strong>Ea</strong></span> <span class='ocrx_word' id='word_1_310' title='bbox 1999 2426 2319 2499; x_wconf 78' lang='lat' dir='ltr'><strong>pissasphal-</strong></span> 
     </span>
     <span class='ocr_line' id='line_1_55' title="bbox 1282 2507 2313 2580; baseline -0.002 -17"><span class='ocrx_word' id='word_1_311' title='bbox 1282 2522 1397 2563; x_wconf 89' lang='lat' dir='ltr'><strong>tum</strong></span> <span class='ocrx_word' id='word_1_312' title='bbox 1423 2522 1502 2562; x_wconf 88' lang='lat' dir='ltr'><strong>est</strong></span> <span class='ocrx_word' id='word_1_313' title='bbox 1521 2548 1537 2574; x_wconf 90' lang='lat'>‚</span> <span class='ocrx_word' id='word_1_314' title='bbox 1565 2511 1634 2562; x_wconf 90' lang='lat' dir='ltr'><strong>ita</strong></span> <span class='ocrx_word' id='word_1_315' title='bbox 1664 2508 1953 2580; x_wconf 80' lang='lat' dir='ltr'><strong>appellavit</strong></span> <span class='ocrx_word' id='word_1_316' title='bbox 1970 2507 2313 2580; x_wconf 84' lang='lat' dir='ltr'><strong>Theopomp.</strong></span> 
     </span>
     <span class='ocr_line' id='line_1_56' title="bbox 1284 2587 2314 2661; baseline 0 -20"><span class='ocrx_word' id='word_1_317' title='bbox 1284 2589 1506 2645; x_wconf 84' lang='lat' dir='ltr'><strong>nomine</strong></span> <span class='ocrx_word' id='word_1_318' title='bbox 1533 2608 1563 2642; x_wconf 88' lang='lat' dir='ltr'><strong>e</strong></span> <span class='ocrx_word' id='word_1_319' title='bbox 1595 2589 1759 2661; x_wconf 79' lang='lat' dir='ltr'><strong>vulgo</strong></span> <span class='ocrx_word' id='word_1_320' title='bbox 1785 2600 2018 2659; x_wconf 87' lang='lat' dir='ltr'><strong>sumpto.</strong></span> <span class='ocrx_word' id='word_1_321' title='bbox 2071 2587 2228 2641; x_wconf 81' lang='lat' dir='ltr'><strong>Nasci</strong></span> <span class='ocrx_word' id='word_1_322' title='bbox 2255 2587 2314 2641; x_wconf 90' lang='lat' dir='ltr'><strong>id</strong></span> 
     </span>
     <span class='ocr_line' id='line_1_57' title="bbox 1282 2666 2314 2741; baseline 0 -20"><span class='ocrx_word' id='word_1_323' title='bbox 1282 2670 1337 2722; x_wconf 88' lang='lat' dir='ltr'><strong>in</strong></span> <span class='ocrx_word' id='word_1_324' title='bbox 1361 2669 1833 2741; x_wconf 78' lang='lat' dir='ltr'><strong>Apolloniatarum</strong></span> <span class='ocrx_word' id='word_1_325' title='bbox 1864 2685 1992 2740; x_wconf 76' lang='lat' dir='ltr'><strong>agro</strong></span> <span class='ocrx_word' id='word_1_326' title='bbox 2015 2666 2156 2720; x_wconf 88' lang='lat' dir='ltr'><strong>circa</strong></span> <span class='ocrx_word' id='word_1_327' title='bbox 2181 2668 2314 2738; x_wconf 90' lang='lat' dir='ltr'><strong>Epi·</strong></span> 
     </span>
     <span class='ocr_line' id='line_1_58' title="bbox 1282 2745 2312 2815; baseline 0 -12"><span class='ocrx_word' id='word_1_328' title='bbox 1282 2748 1533 2803; x_wconf 69' lang='lat' dir='ltr'><strong>daut-ium</strong></span> <span class='ocrx_word' id='word_1_329' title='bbox 1551 2791 1568 2815; x_wconf 90' lang='lat'><strong>,</strong></span> <span class='ocrx_word' id='word_1_330' title='bbox 1612 2750 1686 2803; x_wconf 86' lang='lat' dir='ltr'><strong>ait</strong></span> <span class='ocrx_word' id='word_1_331' title='bbox 1711 2745 2067 2803; x_wconf 84' lang='lat' dir='ltr'><strong>Dioscorides.</strong></span> <span class='ocrx_word' id='word_1_332' title='bbox 2099 2748 2312 2803; x_wconf 59' lang='lat' dir='ltr'><strong>Daue.</strong></span> 
     </span>
     <span class='ocr_line' id='line_1_59' title="bbox 1282 2826 2312 2900; baseline -0.001 -18"><span class='ocrx_word' id='word_1_333' title='bbox 1282 2831 1564 2884; x_wconf 66' lang='lat' dir='ltr'><strong>—Picerm</strong></span> <span class='ocrx_word' id='word_1_334' title='bbox 1592 2831 1984 2900; x_wconf 74' lang='grc' dir='ltr'><strong>Πισσάσφαλτον</strong></span> <span class='ocrx_word' id='word_1_335' title='bbox 2023 2826 2312 2894; x_wconf 82' lang='lat' dir='ltr'><strong>intellexit,</strong></span> 
     </span>
     <span class='ocr_line' id='line_1_60' title="bbox 1282 2906 2312 2981; baseline -0.001 -17"><span class='ocrx_word' id='word_1_336' title='bbox 1282 2911 1371 2964; x_wconf 89' lang='lat' dir='ltr'><strong>cui</strong></span> <span class='ocrx_word' id='word_1_337' title='bbox 1397 2929 1598 2965; x_wconf 89' lang='lat' dir='ltr'><strong>nomen</strong></span> <span class='ocrx_word' id='word_1_338' title='bbox 1642 2929 1706 2964; x_wconf 86' lang='lat' dir='ltr'><strong>ex</strong></span> <span class='ocrx_word' id='word_1_339' title='bbox 1741 2910 2057 2981; x_wconf 83' lang='lat' dir='ltr'><strong>cognatione</strong></span> <span class='ocrx_word' id='word_1_340' title='bbox 2085 2906 2222 2979; x_wconf 89' lang='lat' dir='ltr'><strong>picis</strong></span> <span class='ocrx_word' id='word_1_341' title='bbox 2251 2928 2312 2963; x_wconf 88' lang='lat' dir='ltr'><strong>ac</strong></span> 
     </span>
     <span class='ocr_line' id='line_1_61' title="bbox 1280 2988 2311 3058; baseline -0.003 -14"><span class='ocrx_word' id='word_1_342' title='bbox 1280 2990 1666 3058; x_wconf 84' lang='lat' dir='ltr'><strong>bituminis,ut</strong></span> <span class='ocrx_word' id='word_1_343' title='bbox 1692 2989 1931 3044; x_wconf 82' lang='lat' dir='ltr'><strong>dicemus</strong></span> <span class='ocrx_word' id='word_1_344' title='bbox 1957 2988 2052 3041; x_wconf 90' lang='lat' dir='ltr'><strong>lib.</strong></span> <span class='ocrx_word' id='word_1_345' title='bbox 2077 2988 2311 3054; x_wconf 85' lang='lat' dir='ltr'><strong>XXXV,</strong></span> 
     </span>
     <span class='ocr_line' id='line_1_62' title="bbox 1281 3066 2309 3142; baseline -0.002 -17"><span class='ocrx_word' id='word_1_346' title='bbox 1281 3089 1398 3142; x_wconf 86' lang='lat' dir='ltr'><strong>cap.</strong></span> <span class='ocrx_word' id='word_1_347' title='bbox 1429 3070 1458 3125; x_wconf 84' lang='lat'>5</span> <span class='ocrx_word' id='word_1_348' title='bbox 1474 3091 1496 3125; x_wconf 82' lang='lat'>1</span> <span class='ocrx_word' id='word_1_349' title='bbox 1519 3110 1534 3133; x_wconf 83' lang='lat'><strong>,</strong></span> <span class='ocrx_word' id='word_1_350' title='bbox 1561 3070 1629 3123; x_wconf 83' lang='lat' dir='ltr'><strong>de</strong></span> <span class='ocrx_word' id='word_1_351' title='bbox 1649 3090 1714 3124; x_wconf 93' lang='lat' dir='ltr'><strong>eo</strong></span> <span class='ocrx_word' id='word_1_352' title='bbox 1741 3070 2000 3141; x_wconf 86' lang='lat' dir='ltr'><strong>prolixius</strong></span> <span class='ocrx_word' id='word_1_353' title='bbox 2025 3068 2101 3121; x_wconf 88' lang='lat' dir='ltr'><strong>ibi</strong></span> <span class='ocrx_word' id='word_1_354' title='bbox 2125 3066 2309 3138; x_wconf 83' lang='lat' dir='ltr'><strong>dispu-</strong></span> 
     </span>
     <span class='ocr_line' id='line_1_63' title="bbox 1282 3148 2308 3221; baseline -0.001 -18"><span class='ocrx_word' id='word_1_355' title='bbox 1282 3152 1461 3205; x_wconf 86' lang='lat' dir='ltr'><strong>taturi.</strong></span> <span class='ocrx_word' id='word_1_356' title='bbox 1492 3150 1633 3205; x_wconf 89' lang='lat' dir='ltr'><strong>Picis</strong></span> <span class='ocrx_word' id='word_1_357' title='bbox 1660 3148 1857 3204; x_wconf 71' lang='lat' dir='ltr'><strong>fodinoe</strong></span> <span class='ocrx_word' id='word_1_358' title='bbox 1889 3152 2095 3221; x_wconf 78' lang='lat' dir='ltr'><strong>pican&#39;ae</strong></span> <span class='ocrx_word' id='word_1_359' title='bbox 2123 3150 2308 3221; x_wconf 90' lang='lat' dir='ltr'><strong>appel-</strong></span> 
     </span>
     <span class='ocr_line' id='line_1_64' title="bbox 1279 3228 2311 3303; baseline 0 -20"><span class='ocrx_word' id='word_1_360' title='bbox 1279 3230 1425 3295; x_wconf 71' lang='lat' dir='ltr'><strong>latoe,</strong></span> <span class='ocrx_word' id='word_1_361' title='bbox 1462 3230 1532 3284; x_wconf 88' lang='lat' dir='ltr'><strong>de</strong></span> <span class='ocrx_word' id='word_1_362' title='bbox 1557 3231 1759 3303; x_wconf 85' lang='lat' dir='ltr'><strong>quibus</strong></span> <span class='ocrx_word' id='word_1_363' title='bbox 1784 3230 1978 3284; x_wconf 88' lang='lat' dir='ltr'><strong>Cicero</strong></span> <span class='ocrx_word' id='word_1_364' title='bbox 2026 3228 2080 3281; x_wconf 87' lang='lat' dir='ltr'><strong>in</strong></span> <span class='ocrx_word' id='word_1_365' title='bbox 2107 3228 2275 3283; x_wconf 83' lang='lat' dir='ltr'><strong>Bruto</strong></span> <span class='ocrx_word' id='word_1_366' title='bbox 2294 3268 2311 3293; x_wconf 85' lang='lat'><strong>,</strong></span> 
     </span>
     <span class='ocr_line' id='line_1_65' title="bbox 1280 3308 2306 3378; baseline -0.003 -14"><span class='ocrx_word' id='word_1_367' title='bbox 1280 3330 1432 3366; x_wconf 88' lang='lat' dir='ltr'><strong>num.</strong></span> <span class='ocrx_word' id='word_1_368' title='bbox 1463 3310 1534 3366; x_wconf 81' lang='lat'><strong>85</strong></span> <span class='ocrx_word' id='word_1_369' title='bbox 1561 3328 1575 3363; x_wconf 92' lang='lat'><strong>:</strong></span> <span class='ocrx_word' id='word_1_370' title='bbox 1606 3337 1628 3358; x_wconf 78' lang='grc' dir='ltr'>ι</span> <span class='ocrx_word' id='word_1_371' title='bbox 1649 3310 1833 3365; x_wconf 90' lang='lat' dir='ltr'><strong>Liberi</strong></span> <span class='ocrx_word' id='word_1_372' title='bbox 1874 3308 2137 3361; x_wconf 81' lang='lat' dir='ltr'><strong>societatis</strong></span> <span class='ocrx_word' id='word_1_373' title='bbox 2166 3310 2306 3378; x_wconf 86' lang='lat' dir='ltr'><strong>ejus,</strong></span> 
     </span>
    </p>
   </div>
   <div class='ocr_carea' id='block_1_6' title="bbox 1281 3387 2422 3463">
    <p class='ocr_par' dir='ltr' id='par_1_12' title="bbox 1281 3387 2422 3463">
     <span class='ocr_line' id='line_1_66' title="bbox 1281 3387 2422 3463; baseline -0.004 -18"><span class='ocrx_word' id='word_1_374' title='bbox 1281 3410 1399 3463; x_wconf 71' lang='lat' dir='ltr'><strong>quus</strong></span> <span class='ocrx_word' id='word_1_375' title='bbox 1428 3390 1653 3462; x_wconf 83' lang='lat' dir='ltr'><strong>picarias</strong></span> <span class='ocrx_word' id='word_1_376' title='bbox 1677 3388 1745 3443; x_wconf 90' lang='lat' dir='ltr'><strong>de</strong></span> <span class='ocrx_word' id='word_1_377' title='bbox 1788 3388 1849 3441; x_wconf 83' lang='lat' dir='ltr'><strong>P.</strong></span> <span class='ocrx_word' id='word_1_378' title='bbox 1881 3387 2133 3442; x_wconf 79' lang='lat' dir='ltr'><strong>Cornelio</strong></span> <span class='ocrx_word' id='word_1_379' title='bbox 2157 3400 2211 3441; x_wconf 88' lang='lat' dir='ltr'><strong>et</strong></span> <span class='ocrx_word' id='word_1_380' title='bbox 2243 3388 2307 3441; x_wconf 91' lang='lat' dir='ltr'><strong>L.</strong></span> <span class='ocrx_word' id='word_1_381' title='bbox 2407 3408 2422 3417; x_wconf 66' lang='grc'><strong><em>’</em></strong></span> 
     </span>
    </p>
   </div>
   <div class='ocr_carea' id='block_1_7' title="bbox 1276 3465 2370 4025">
    <p class='ocr_par' dir='ltr' id='par_1_13' title="bbox 1276 3465 2370 3864">
     <span class='ocr_line' id='line_1_67' title="bbox 1282 3465 2370 3546; baseline -0.008 -21"><span class='ocrx_word' id='word_1_382' title='bbox 1282 3470 1553 3525; x_wconf 78' lang='lat' dir='ltr'><strong>Mummio</strong></span> <span class='ocrx_word' id='word_1_383' title='bbox 1581 3467 1913 3525; x_wconf 80' lang='lat' dir='ltr'><strong>censoribus</strong></span> <span class='ocrx_word' id='word_1_384' title='bbox 1938 3465 2301 3521; x_wconf 75' lang='lat' dir='ltr'><strong>redemisset.»</strong></span> <span class='ocrx_word' id='word_1_385' title='bbox 2343 3524 2370 3546; x_wconf 56' lang='lat'><strong>·</strong></span> 
     </span>
     <span class='ocr_line' id='line_1_68' title="bbox 1284 3546 2308 3623; baseline -0.004 -18"><span class='ocrx_word' id='word_1_386' title='bbox 1284 3552 1352 3605; x_wconf 88' lang='lat' dir='ltr'><strong>Et</strong></span> <span class='ocrx_word' id='word_1_387' title='bbox 1376 3550 1642 3623; x_wconf 86' lang='lat' dir='ltr'><strong>Ulpianus</strong></span> <span class='ocrx_word' id='word_1_388' title='bbox 1660 3589 1677 3616; x_wconf 90' lang='lat'><strong>,</strong></span> <span class='ocrx_word' id='word_1_389' title='bbox 1705 3549 1907 3619; x_wconf 82' lang='lat' dir='ltr'><strong>Digest.</strong></span> <span class='ocrx_word' id='word_1_390' title='bbox 1930 3546 2023 3601; x_wconf 88' lang='lat' dir='ltr'><strong>lib.</strong></span> <span class='ocrx_word' id='word_1_391' title='bbox 2037 3548 2102 3611; x_wconf 89' lang='lat' dir='ltr'><strong>L,</strong></span> <span class='ocrx_word' id='word_1_392' title='bbox 2131 3546 2214 3599; x_wconf 85' lang='lat' dir='ltr'><strong>tit.</strong></span> <span class='ocrx_word' id='word_1_393' title='bbox 2240 3546 2308 3601; x_wconf 86' lang='lat' dir='ltr'><strong>de</strong></span> 
     </span>
     <span class='ocr_line' id='line_1_69' title="bbox 1282 3626 2307 3702; baseline 0.002 -20"><span class='ocrx_word' id='word_1_394' title='bbox 1282 3633 1575 3687; x_wconf 82' lang='lat' dir='ltr'><strong>verborum</strong></span> <span class='ocrx_word' id='word_1_395' title='bbox 1606 3629 1798 3702; x_wconf 75' lang='lat' dir='ltr'><strong>Signis.</strong></span> <span class='ocrx_word' id='word_1_396' title='bbox 1835 3654 1858 3677; x_wconf 76' lang='grc' dir='ltr'>ι</span> <span class='ocrx_word' id='word_1_397' title='bbox 1875 3628 2026 3681; x_wconf 88' lang='lat' dir='ltr'><strong>Inter</strong></span> <span class='ocrx_word' id='word_1_398' title='bbox 2051 3626 2265 3699; x_wconf 82' lang='lat' dir='ltr'><strong>publica</strong></span> <span class='ocrx_word' id='word_1_399' title='bbox 2291 3647 2307 3684; x_wconf 74' lang='lat' dir='ltr'><strong><em>z</em></strong></span> 
     </span>
     <span class='ocr_line' id='line_1_70' title="bbox 1278 3706 2311 3785; baseline -0.004 -21"><span class='ocrx_word' id='word_1_400' title='bbox 1278 3710 1526 3785; x_wconf 82' lang='lat' dir='ltr'><strong>Vectigal</strong></span> <span class='ocrx_word' id='word_1_401' title='bbox 1545 3710 1832 3765; x_wconf 87' lang='lat' dir='ltr'><strong>salinarum</strong></span> <span class='ocrx_word' id='word_1_402' title='bbox 1844 3748 1860 3775; x_wconf 92' lang='lat'><strong>,</strong></span> <span class='ocrx_word' id='word_1_403' title='bbox 1875 3706 2212 3762; x_wconf 84' lang='lat' dir='ltr'><strong>metallorum</strong></span> <span class='ocrx_word' id='word_1_404' title='bbox 2228 3749 2241 3768; x_wconf 87' lang='lat'>‚</span> <span class='ocrx_word' id='word_1_405' title='bbox 2256 3720 2311 3761; x_wconf 85' lang='lat' dir='ltr'><strong>et</strong></span> 
     </span>
     <span class='ocr_line' id='line_1_71' title="bbox 1276 3786 1882 3864; baseline -0.008 -19"><span class='ocrx_word' id='word_1_406' title='bbox 1276 3792 1621 3864; x_wconf 82' lang='lat' dir='ltr'><strong>picariarum.</strong></span> <span class='ocrx_word' id='word_1_407' title='bbox 1644 3818 1668 3838; x_wconf 69' lang='lat' dir='ltr'><strong>a</strong></span> <span class='ocrx_word' id='word_1_408' title='bbox 1698 3786 1882 3841; x_wconf 58' lang='lat' dir='ltr'><strong>Hann-</strong></span> 
     </span>
    </p>

    <p class='ocr_par' dir='ltr' id='par_1_14' title="bbox 1280 3868 2312 4025">
     <span class='ocr_line' id='line_1_72' title="bbox 1365 3868 2309 3941; baseline -0.006 -16"><span class='ocrx_word' id='word_1_409' title='bbox 1365 3874 1454 3925; x_wconf 79' lang='lat'><strong>26.</strong></span> <span class='ocrx_word' id='word_1_410' title='bbox 1482 3872 1584 3925; x_wconf 65' lang='lat' dir='ltr'><strong>Pis</strong></span> <span class='ocrx_word' id='word_1_411' title='bbox 1609 3874 1808 3941; x_wconf 77' lang='lat' dir='ltr'><strong>optima.</strong></span> <span class='ocrx_word' id='word_1_412' title='bbox 1829 3868 2078 3941; x_wconf 88' lang='lat' dir='ltr'><strong>Optima,</strong></span> <span class='ocrx_word' id='word_1_413' title='bbox 2103 3868 2278 3940; x_wconf 87' lang='lat' dir='ltr'><strong>inquit</strong></span> <span class='ocrx_word' id='word_1_414' title='bbox 2294 3906 2309 3931; x_wconf 95' lang='lat'><strong>,</strong></span> 
     </span>
     <span class='ocr_line' id='line_1_73' title="bbox 1280 3948 2312 4025; baseline -0.008 -19"><span class='ocrx_word' id='word_1_415' title='bbox 1280 3971 1441 4025; x_wconf 85' lang='lat' dir='ltr'><strong>quam</strong></span> <span class='ocrx_word' id='word_1_416' title='bbox 1457 3951 1634 4025; x_wconf 86' lang='lat' dir='ltr'><strong>aprica</strong></span> <span class='ocrx_word' id='word_1_417' title='bbox 1649 3948 2098 4023; x_wconf 80' lang='lat' dir='ltr'><strong>loca,etAquiloni</strong></span> <span class='ocrx_word' id='word_1_418' title='bbox 2109 3960 2312 4002; x_wconf 84' lang='lat' dir='ltr'><strong>ostenta</strong></span> 
     </span>
    </p>
   </div>
   <div class='ocr_carea' id='block_1_8' title="bbox 1281 4028 2408 4105">
    <p class='ocr_par' dir='ltr' id='par_1_15' title="bbox 1281 4028 2408 4105">
     <span class='ocr_line' id='line_1_74' title="bbox 1281 4028 2408 4105; baseline -0.007 -20"><span class='ocrx_word' id='word_1_419' title='bbox 1281 4034 1543 4105; x_wconf 75' lang='lat' dir='ltr'><strong>praebent.</strong></span> <span class='ocrx_word' id='word_1_420' title='bbox 1572 4030 1699 4086; x_wconf 82' lang='lat' dir='ltr'><strong>Haec</strong></span> <span class='ocrx_word' id='word_1_421' title='bbox 1723 4030 1911 4085; x_wconf 87' lang='lat' dir='ltr'><strong>iisdem</strong></span> <span class='ocrx_word' id='word_1_422' title='bbox 1934 4030 2111 4085; x_wconf 84' lang='lat' dir='ltr'><strong>verbis</strong></span> <span class='ocrx_word' id='word_1_423' title='bbox 2132 4028 2316 4081; x_wconf 83' lang='lat' dir='ltr'><strong>Theo·</strong></span> <span class='ocrx_word' id='word_1_424' title='bbox 2403 4070 2408 4077; x_wconf 97' lang='lat'>.</span> 
     </span>
    </p>
   </div>
   <div class='ocr_carea' id='block_1_9' title="bbox 168 4110 1764 4186">
    <p class='ocr_par' dir='ltr' id='par_1_16' title="bbox 168 4110 1764 4186">
     <span class='ocr_line' id='line_1_75' title="bbox 168 4110 1764 4186; baseline 0.002 -24"><span class='ocrx_word' id='word_1_425' title='bbox 168 4123 310 4175; x_wconf 82' lang='lat' dir='ltr'><strong>tam3</strong></span> <span class='ocrx_word' id='word_1_426' title='bbox 340 4112 554 4166; x_wconf 64' lang='lat' dir='ltr'><strong>femina</strong></span> <span class='ocrx_word' id='word_1_427' title='bbox 582 4110 789 4167; x_wconf 82' lang='lat' dir='ltr'><strong>radices</strong></span> <span class='ocrx_word' id='word_1_428' title='bbox 820 4126 1025 4167; x_wconf 83' lang='lat' dir='ltr'><strong>tantum</strong></span> <span class='ocrx_word' id='word_1_429' title='bbox 1054 4132 1067 4165; x_wconf 77' lang='grc' dir='ltr'>ε</span> <span class='ocrx_word' id='word_1_430' title='bbox 1094 4114 1197 4167; x_wconf 81' lang='lat' dir='ltr'><strong>hac</strong></span> <span class='ocrx_word' id='word_1_431' title='bbox 1286 4112 1408 4186; x_wconf 82' lang='lat' dir='ltr'><strong>pbr.</strong></span> <span class='ocrx_word' id='word_1_432' title='bbox 1437 4114 1472 4165; x_wconf 93' lang='lat' dir='ltr'><strong>l.</strong></span> <span class='ocrx_word' id='word_1_433' title='bbox 1501 4132 1548 4166; x_wconf 89' lang='lat' dir='ltr'><strong>c.</strong></span> <span class='ocrx_word' id='word_1_434' title='bbox 1579 4110 1764 4166; x_wconf 63' lang='lat' dir='ltr'><strong>Banu.</strong></span> 
     </span>
    </p>
   </div>
   <div class='ocr_carea' id='block_1_10' title="bbox 1915 4180 2054 4262">
    <p class='ocr_par' dir='ltr' id='par_1_17' title="bbox 1915 4180 2054 4262">
     <span class='ocr_line' id='line_1_76' title="bbox 1915 4180 2054 4262; baseline 0 0"><span class='ocrx_word' id='word_1_435' title='bbox 1915 4180 2054 4262; x_wconf 80' lang='lat'><strong>33⁴</strong></span> 
     </span>
    </p>
   </div>
  </div>
 </body>
</html>
