2984 5009
533 590 555 623 1

597 418 751 491 636
1128 424 1204 489 C.
1263 422 1626 491 PLlNll
1683 424 1906 491 NAT.
1965 423 2228 491 HIST.

705 555 1088 623 LXXXIX.
1119 555 1309 648 Argis
1333 553 1478 624 olea
1506 557 1866 625 etiamnum
1887 556 2130 625 durare
2150 556 2415 638 dicitur,
2440 556 2526 624 ad
2547 582 2751 651 quam

606 664 685 730 Io
724 661 790 729 in
829 680 1100 727 vaccam
1156 676 1478 729 mutatam
1523 665 1737 757 Argus
1773 660 2162 757 alligaverit.
2196 664 2278 729 In
2314 664 2533 731 Ponto
2573 664 2754 731 circa

601 764 992 835 Heracleam
1024 790 1153 835 arae
1172 782 1325 836 sunt
1343 770 1532 837 Jovis
1553 766 1812 838 Stratii¹
1851 768 2254 863 cognomine
2284 794 2300 836 :
2337 768 2429 837 ibi
2465 794 2755 863 quercus

603 873 751 941 duae
782 873 868 941 ab
905 871 1193 941 Hercule
1223 889 1398 942 satae.
1432 877 1512 945 In
1543 874 1776 943 eodem
1811 888 2030 944 tractu
2072 889 2308 969 portus
2336 878 2577 969 Amyci
2597 872 2619 899 ²
2655 889 2760 943 est

602 979 896 1072 Bebryce
937 1004 1093 1073 rege
1136 980 1486 1049 interfecto
1532 979 1770 1050 claruS.
1819 982 1982 1074 Ejus
2021 980 2316 1049 tumulus
2359 1007 2396 1049 a
2435 1004 2759 1077 supremo

602 1085 709 1154 die
738 1084 925 1154 lauro
963 1086 1230 1179 tegitur,
1257 1112 1455 1181 quam
1484 1088 1784 1157 insanam
1818 1101 2113 1157 vocant·
2151 1088 2467 1181 quoniam
2507 1089 2564 1157 si
2594 1086 2758 1181 quid

603 1217 686 1260 ex
728 1216 804 1261 ea
848 1191 1237 1286 decerptum
1281 1194 1604 1263 inferatur
1641 1193 1953 1280 navibuS,
2013 1192 2234 1324 jurgia
2283 1193 2492 1279 fiant,
2539 1192 2760 1263 donec

605 1298 965 1393 abjiciatur.
1014 1300 1383 1393 Regionem
1422 1298 1841 1370 Aulocrenen
1885 1284 2210 1369 diximus³
2212 1352 2232 1387 ,
2271 1324 2392 1393 per
2433 1320 2642 1393 quam
2672 1298 2762 1367 ab

604 1406 885 1498 Apamia
928 1406 996 1473 in
1040 1406 1393 1500 Phrygiam
1446 1408 1582 1475 itur
1628 1431 1644 1471 :
1693 1406 1783 1475 ibi
1831 1404 2139 1500 platanus
2192 1392 2637 1490 ostenditur⁴,
2679 1430 2762 1473 ex

564 1570 571 1575 .
602 1534 735 1604 qua
770 1510 1162 1605 pependerit
1194 1516 1487 1607 Marsyas
1520 1514 1737 1582 victus
1759 1513 1844 1580 ab
1877 1510 2217 1606 Apolline,
2307 1536 2406 1581 uae
2433 1510 2580 1605 jam
2615 1525 2758 1580 tum

601 1616 1059 1712 magnitudine
1088 1616 1294 1687 electa
1333 1633 1450 1688 est.
1498 1618 1641 1688 Nec
1675 1644 1813 1687 non
1853 1616 2073 1712 palma
2106 1616 2261 1686 Deli
2335 1617 2421 1685 ab
2455 1616 2758 1711 ejusdem

605 1724 733 1791 Dei
769 1738 960 1791 aetate
1000 1726 1424 1819 conspicitur.
1459 1724 1788 1819 Olympiae
1822 1708 2170 1809 oleaster,
2203 1748 2286 1791 ex
2319 1747 2458 1816 quo
2497 1726 2760 1817 primus

604 1828 927 1898 Hercules
995 1846 1351 1900 coronatus
1422 1846 1562 1917 est,
1617 1846 1684 1900 et
1747 1856 1925 1899 nunc
1990 1828 2367 1899 custoditur
2427 1828 2756 1959 religiose.

601 1935 914 2005 Athenis⁷
948 1961 1215 2030 quoque
1254 1936 1399 2006 olea
1429 1935 1672 2006 durare
1709 1935 2045 2005 traditur
2027 1961 2097 2004 1n
2135 1921 2544 2005 certamine⁸
2587 1937 2758 2006 edita

606 2066 647 2109 a
682 2043 1010 2109 Minerva.

687 2207 994 2259 LXXXIX.
1020 2225 1063 2259 1.
1082 2208 1218 2261 Iovis
1236 2209 1630 2263 Strata-Iovem
1725 2212 1758 2263 8
1783 2246 1798 2274 ,
1823 2208 2008 2279 Epigr.
2029 2210 2084 2261 ix
2095 2210 2274 2269 λασίοις
2297 2166 2496 2270 «tirone.
2529 2206 2760 2261 Nicand.

610 2286 891 2353 Simiam,
917 2287 1027 2340 hoc
1056 2300 1161 2351 est,
1188 2288 1469 2342 militarem
1486 2326 1504 2355 ,
1523 2291 1634 2341 Ve·
1721 2306 1938 2361 quoque
1975 2288 2031 2339 in
2075 2288 2326 2359 Alexiph.
2365 2306 2486 2357 pag.
2541 2305 2564 2339 ι
2581 2288 2682 2353 51,
2711 2300 2764 2341 et

611 2366 815 2418 teribus
879 2367 983 2420 coli
1028 2367 1276 2434 solitum,
1325 2382 1513 2422 auctor
1557 2382 1637 2422 est
1721 2368 1976 2421 philostr.
1999 2368 2056 2419 in
2077 2368 2226 2420 Icon.
2249 2365 2434 2421 Hum-

611 2445 1004 2498 JuliusPollux.
1028 2447 1223 2499 Hmm.
1240 2449 1635 2501 Biannos.—

610 2524 744 2577 Jou's
764 2524 957 2577 Str-atii.
986 2532 1093 2587 Διὸς
1124 2529 1365 2598 tepet-{w
1392 2528 1639 2581 meminit

612 2603 874 2659 Herodot.
902 2606 959 2657 in
988 2607 1270 2677 Terpsich.
1301 2608 1391 2660 lib.
1420 2608 1496 2670 V,
1517 2625 1632 2678 cap.

618 2684 713 2749 33,
739 2684 891 2738 Jovis
924 2685 1185 2738 Militaris.
1214 2684 1395 2740 Ηιιιι).

697 2785 749 2817 a.
778 2766 957 2816 Portus
985 2766 1184 2837 Amyci.
1212 2768 1293 2836 De
1319 2783 1383 2817 eo
1405 2764 1640 2820 diximus

614 2844 713 2896 lib.
741 2846 814 2907 V,
840 2863 955 2913 cap.
986 2844 1076 2906 43.
1108 2845 1289 2897 Ham).

700 2922 753 2975 3.
795 2923 1101 2974 Aulocrenen
1143 2923 1368 2975 divimus.
1415 2922 1536 2975 Lib.
1567 2924 1640 2986 V,

615 3018 735 3072 cap.
770 3018 856 3068 29-
885 3001 1069 3055 Ham).

702 3082 869 3145 41⁶2·
879 3083 1113 3152 platanus
1138 3082 1421 3146 ostenditur,
1449 3104 1512 3135 ex
1545 3103 1643 3155 qua

610 3162 841 3231 pependit
868 3162 1073 3235 Marsya
1103 3166 1261 3214 ‘ulem-5
1288 3164 1351 3214 ab
1392 3165 1640 3234 Apolline.

618 3242 764 3312 Lego
788 3260 899 3294 non
917 3243 1149 3312 platanus
1170 3280 1185 3308 ,
1211 3240 1302 3296 sed
1321 3246 1500 3313 pinus·
1480 3284 1491 3295 .
1517 3262 1640 3296 nam

620 3338 651 3372 e
702 3322 835 3393 pinu
900 3340 1209 3392 suspensum
1263 3324 1331 3375 ab
1388 3322 1642 3395 Apolline

621 3400 885 3473 Marsyam
904 3416 1091 3456 auctor
1115 3415 1194 3456 est
1214 3416 1407 3473 praeter
1426 3416 1644 3455 caeteros

622 3480 849 3533 Archias
878 3494 1035 3551 poeta
1060 3501 1259 3553 graecus
1289 3482 1642 3553 epigramma-

623 3570 717 3611 ton
780 3574 901 3613 sect.
936 3562 1040 3613 111.
1087 3562 1246 3615 Puer.
1268 3592 1346 3604 ·—-
1372 3562 1452 3627 lbi·
1480 3564 1646 3631 plata-

624 3657 729 3691 nus.
770 3639 1013 3710 Hyginus
1040 3641 1146 3693 fab.
1196 3641 1301 3695 165
1338 3659 1352 3693 :
1385 3667 1408 3688 ι
1439 3642 1642 3713 Apollo

622 3719 819 3771 victum
850 3720 1115 3790 Marsyam
1144 3718 1214 3773 ad
1244 3720 1489 3773 arborem
1521 3721 1647 3774 reli·

622 3810 834 3868 gutum,
870 3800 1079 3872 Scytha
1120 3798 1371 3864 tradidit,
1403 3801 1496 3872 qui
1524 3818 1647 3853 eum

622 3879 958 3933 membratim
978 3880 1257 3949 separavit.
1282 3906 1306 3927 ι
1330 3880 1453 3933 Non
1480 3880 1648 3953 plata-

622 3976 753 4011 num
784 3978 931 4024 eam,
973 3958 1066 4012 sed
1113 3959 1302 4029 pinum
1341 3960 1503 4013 fuisse
1547 3961 1649 4013 Ar·

624 4038 769 4092 chiae
798 4040 873 4093 ait
901 4040 957 4092 iu
989 4040 1212 4093 Anthol.
1243 4038 1340 4094 tib.
1367 4042 1453 4094 111
1473 4080 1489 4107 ‚
1525 4058 1648 4112 cap.

1808 2447 1862 2500 5.
1890 2447 1996 2500 Nec
2013 2464 2109 2498 non
2127 2448 2294 2515 palma
2322 2446 2452 2499 Deli.
2479 2447 2679 2500 Cicero
2697 2444 2764 2499 de

1725 2527 1889 2597 Legg.
1933 2528 1960 2577 1
1989 2545 2003 2579 ε
2041 2552 2063 2573 ι
2095 2526 2207 2578 Nisi
2233 2526 2372 2578 forte
2401 2526 2764 2579 Amerinum

1724 2606 2102 2676 sempiternam
2139 2608 2195 2658 in
2229 2622 2348 2657 arce
2374 2606 2552 2658 oleam
2583 2618 2764 2659 tenere

1725 2698 2020 2757 potuerunt
2053 2698 2188 2739 :tut
2230 2702 2391 2756 quam
2438 2686 2766 2738 Homericus

1726 2767 1944 2838 Ulysses
1972 2765 2091 2817 Deli
2122 2783 2178 2817 se
2199 2770 2480 2835 proceram
2523 2778 2578 2817 et
2620 2779 2767 2819 tene-

1728 2864 1842 2898 rum
1885 2845 2116 2916 palmam
2149 2842 2344 2897 vidisse
2382 2842 2552 2908 dixit,
2605 2842 2765 2898 hodie

1730 2936 2027 2978 monstrant
2074 2922 2348 2987 eamdem,
2385 2936 2487 2975 etc.
2527 2948 2551 2969 ι
2587 2926 2766 2978 Locus

1731 3004 1954 3057 Homeri
1970 3015 2049 3057 est
2073 3002 2266 3073 Odyss.
2284 3007 2323 3053 Z
2341 3041 2356 3070 ,
2384 3021 2435 3055 v.
2471 3020 2495 3053 ι
2509 3002 2610 3057 63.
2629 3002 2766 3057 Vide

1731 3096 1786 3135 et
1803 3084 1998 3136 AElian.
2019 3084 2148 3135 Var.
2175 3083 2311 3136 fflst.
2333 3082 2427 3134 lib.
2455 3082 2530 3148 V,
2549 3101 2672 3153 cap.
2697 3088 2762 3149 ἀς

1730 3175 1784 3215 ct
1809 3162 2088 3235 Theophr.
2113 3162 2249 3215 Hist.
2271 3162 2366 3213 lib.
2383 3162 2488 3227 IV,
2517 3180 2637 3236 cap.
2667 3170 2734 3227 14
2751 3202 2768 3227 ‚

1731 3256 1831 3296 etc.
1856 3244 2036 3297 Hnnn.

1815 3325 1868 3376 6.
1905 3321 2152 3395 Olympia
2185 3322 2403 3373 oleaster.
2447 3322 2617 3375 Arist.
2660 3322 2768 3395 περὶ

1729 3407 1948 3473 θαυμασ.
1967 3404 2177 3472 ἀκουσμ.
2199 3402 2469 3472 lutei-pres
2487 3400 2766 3474 Aristoph.

1730 3482 1788 3533 in
1830 3482 2026 3546 Pluto,
2083 3482 2164 3532 in·
2193 3498 2326 3533 voce
2394 3484 2766 3551 καλλιςὲφανος.

1730 3561 2004 3631 Theophr.
2019 3562 2154 3613 Hist.
2167 3560 2262 3612 lib.
2275 3561 2374 3620 lv,
2387 3579 2506 3631 cap.
2526 3578 2550 3613 ι
2565 3563 2620 3614 5.
2633 3564 2766 3614 Du..

1817 3660 1870 3712 7.
1897 3640 2122 3693 Athenis.
2157 3640 2347 3692 Cicero
2390 3640 2428 3692 l.
2464 3658 2516 3693 c.
2563 3638 2766 3693 Herod.

1734 3722 1906 3773 Uran.
1928 3720 2021 3772 lib.
2043 3720 2182 3772 VIII
2198 3759 2213 3783 ,
2237 3738 2356 3790 pag.
2386 3722 2520 3784 480.
2547 3721 2729 3774 ΗΑιο.

1821 3804 1874 3856 8.
1909 3800 1968 3853 In
1999 3802 2277 3860 certamine,
2312 3811 2412 3852 etc.
2438 3799 2768 3852 Fabulantur

1739 3880 1912 3934 Graeci
1956 3878 2026 3932 de
2075 3879 2404 3931 Athenarum
2457 3880 2764 3950 principatu

1743 3978 1866 4013 cum
1895 3960 2148 4031 Neptuno
2187 3958 2491 4011 Minervam
2523 3972 2764 4012 certasse.

1736 4040 1912 4093 Litem
1957 4039 2173 4110 Jupiter
2213 4039 2287 4093 sic
2332 4036 2556 4091 diremit
2584 4057 2602 4091 τ
2639 4051 2697 4092 nt
2723 4037 2766 4089 is
