2984 5009
612 449 757 521 608
1169 456 1246 524 C.
1298 458 1641 528 PLINII
1691 458 1906 528 NAT.
1959 459 2218 527 HIST.

613 603 747 673 est,
768 585 1013 656 duritia
1036 585 1228 656 clavo
1256 575 1554 658 similis³⁴
1557 640 1578 675 ‚
1597 590 1865 661 inimica
1895 593 2116 663 serris.
2149 592 2240 659 Et
2263 588 2574 684 quaedam
2601 590 2767 661 forte

614 679 999 763 accidunt³⁵
1004 693 1288 789 ‚lapide
1332 697 1854 791 comprehenso,
1889 714 2008 769 aut
2052 710 2323 792 recepto
2371 700 2446 764 in
2493 721 2766 793 corpus,

614 815 734 870 aut
760 800 1029 870 alterius
1059 802 1315 871 arboris
1344 826 1554 873 ramo.

550 915 581 969 4
724 906 1055 1003 Megaris¹
1118 907 1233 977 diu
1288 912 1473 978 stetit
1525 908 1812 980 oleaster
1867 913 1935 980 in
1991 911 2172 999 forn,
2223 912 2331 979 cui
2375 911 2508 978 viri
2563 909 2771 980 fortes

613 1014 965 1085 affixerant
1007 1039 1191 1084 arma
1213 1068 1232 1103 ‚
1254 1040 1403 1110 quae
1439 1020 1690 1087 cortice
1722 1017 2059 1087 ambiente
2102 1032 2262 1087 aetas
2306 1016 2512 1111 longa
2551 1015 2772 1089 occul·

616 1136 921 1192 taverat:
964 1122 1217 1216 fuitque
1265 1122 1469 1193 arbor
1509 1122 1621 1193 illa
1661 1122 1877 1194 fatalis
1935 1124 2194 1197 excidio
2245 1124 2434 1193 urbis
2493 1148 2770 1219 praemo·

614 1230 771 1299 nitae
810 1228 1117 1314 oraculo,
1179 1254 1387 1324 quum
1429 1231 1634 1301 arbor
1675 1254 1862 1299 arma
1901 1233 2272 1327 peperisset
2305 1257 2323 1301 z
2385 1231 2580 1327 quod
2641 1255 2774 1301 suc>-

614 1338 763 1406 cisae
808 1336 1051 1406 accidit
1070 1332 1091 1359 ²
1110 1387 1130 1420 ‚
1176 1338 1388 1405 ocreis
1432 1336 1768 1432 galeisque
1817 1340 1996 1407 intus
2045 1338 2344 1433 repertis.
2395 1340 2662 1407 Ferunt
2699 1336 2776 1407 la·

612 1444 799 1539 pides
838 1445 931 1513 ita
966 1446 1307 1531 inventos,
1362 1443 1448 1513 ad
1492 1445 1936 1514 continendos
1990 1460 2222 1540 partus
2269 1469 2412 1515 esse
2453 1444 2774 1515 remedio.

612 1542 760 1637 (xL.
769 1544 1242 1644 )Amplissima
1281 1549 1598 1619 arborum
1632 1551 1717 1619 ad
1752 1551 1888 1621 hoc
1920 1553 2046 1620 aevi
2085 1554 2510 1622 existimatur
2543 1554 2774 1621 Romae

612 1659 795 1743 visa,
836 1681 1057 1786 3quam
1116 1670 1390 1751 propter
1457 1655 1856 1727 miraculum
1917 1659 2066 1728 Tib.
2131 1660 2358 1729 Caesar
2408 1660 2482 1727 in
2539 1658 2770 1729 eodem

611 1748 858 1858 ponte³
920 1762 1419 1831 naumachiario
1474 1778 1876 1858 exposuerat
1915 1764 2268 1836 advectam
2319 1789 2479 1835 cum
2525 1764 2774 1859 reliqua

610 1872 946 1940 materie:
994 1869 1263 1938 duravit
1315 1868 1401 1938 ad
1456 1868 1745 1939 Neronis
1797 1871 2116 1966 principis
2172 1870 2768 1967 amphitheatrum.

552 1980 583 2031 5
611 1978 769 2046 Fuit
810 1991 1035 2045 autem
1066 1976 1247 2045 trabs
1282 2001 1318 2043 e
1353 1974 1592 2063 larice,
1629 1975 1830 2069 longa
1860 1976 2062 2071 pedes
2091 2000 2232 2047 cxx
2279 1977 2578 2073 bipedali
2613 2003 2774 2049 cras·

614 2083 899 2154 situdine
935 2082 1223 2177 aequalis.
1264 2084 1424 2171 Quo
1470 2082 1969 2178 intelligebatur
2003 2084 2112 2174 vig
2143 2084 2484 2155 credibilis
2521 2086 2772 2181 reliqua

608 2189 931 2273 altitudo,
994 2189 1333 2284 fastigium
1372 2187 1457 2257 ad
1500 2213 1823 2261 cacumen
1880 2191 2383 2260 aestimantibus.
2435 2194 2600 2261 Fuit
2645 2218 2769 2263 me·

608 2300 824 2368 moria
864 2310 1095 2367 nostra
1139 2311 1207 2365 et
1243 2297 1311 2365 in
1356 2296 1725 2391 porticibus
1774 2312 2120 2392 septorum
2146 2284 2172 2328 ⁴
2237 2322 2278 2367 a
2327 2298 2426 2369 M.
2475 2298 2772 2396 Agrippa

610 2489 809 2543 inutilis
826 2487 1103 2558 sculptura
1116 2484 1403 2557 sapphirus
1420 2482 1642 2548 dicitur,

607 2566 1084 2625 intervenientibus
1132 2564 1455 2634 cr‘ystsllinis
1517 2582 1644 2617 cen·

608 2651 720 2705 tris.
742 2650 812 2703 Et
836 2667 885 2701 c.
908 2665 975 2700 ιο
1003 2644 1243 2718 ejusdem
1268 2644 1427 2699 libri:
1458 2670 1481 2692 ι
1501 2662 1644 2716 prae-

609 2730 807 2784 durum
826 2747 887 2782 sc
908 2727 1091 2797 fragile
1110 2739 1359 2779 cerinum
1386 2750 1407 2771 ι
1438 2724 1496 2777 in
1521 2740 1644 2795 cry·

608 2810 751 2864 stalli
778 2808 923 2861 vitiis
946 2818 1212 2860 censetur.
1232 2805 1419 2856 Ham.

692 2892 787 2952 34.
824 2888 981 2941 clavo
1005 2886 1193 2938 similis.
1222 2884 1377 2937 Alius
1407 2894 1488 2936 est
1509 2882 1644 2937 oleo

607 2969 809 3034 clavus,
825 2967 895 3020 de
914 2985 1025 3039 quo
1044 2964 1145 3017 inf.
1167 2964 1261 3017 lib.
1278 2964 1461 3027 xvll,
1474 2980 1522 3016 c.
1547 2970 1643 3026 ²6·
1686 2960 1694 2967 “

693 3047 785 3103 35.
831 3049 907 3100 Et
948 3045 1169 3119 quadam
1185 3046 1325 3110 forte
1369 3044 1639 3107 accidunt,

608 3142 767 3183 etc.··
792 3126 981 3181 Nodos
1004 3126 1292 3187 arborum,
1332 3139 1502 3196 quum
1535 3124 1641 3176 ini-

609 3212 715 3264 tius
744 3222 823 3263 est
846 3208 1032 3262 celum
1062 3206 1492 3274 alimentumque
1529 3222 1644 3257 me·

608 3288 713 3345 lius
736 3306 797 3343 sc
824 3287 1031 3354 utilius,
1045 3294 1383 3357 turgescente
1402 3301 1567 3338 carne
1587 3298 1642 3339 et

608 3384 731 3425 cute
749 3368 949 3423 obduci
968 3404 987 3432 ‚
1014 3366 1255 3439 quamvis
1278 3363 1454 3417 sensui
1478 3366 1645 3419 mani·

608 3451 951 3505 festissimum
979 3448 1079 3514 sit,
1105 3459 1285 3499 tamen
1325 3456 1381 3497 et
1422 3460 1484 3498 ex
1529 3444 1644 3499 aliis

610 3530 875 3586 similibus
896 3525 1289 3599 cognoscimus.
1326 3525 1466 3579 Nam
1503 3542 1643 3595 sepe

610 3612 817 3666 arboris
844 3626 968 3681 psrs
992 3604 1235 3679 quadam
1256 3606 1325 3659 ab
1342 3605 1508 3659 altera
1525 3620 1643 3659 coe-

610 3692 839 3747 lescente
880 3685 1235 3760 prehenditur
1274 3704 1289 3737 ε
1326 3702 1391 3737 ac
1434 3685 1479 3737 si
1520 3686 1644 3755 quis

611 3790 822 3835 sexum,
848 3768 933 3822 vel
958 3764 1163 3838 aliquid
1190 3764 1341 3819 aliud
1378 3763 1642 3837 eju-modi

610 3852 852 3912 incutiat,
865 3858 1197 3901 accrescente
1208 3844 1359 3918 qnod
1369 3846 1427 3897 in
1436 3844 1642 3899 ambitu

612 3946 689 3987 est
705 3970 722 3997 ‚
744 3930 801 3985 id
828 3928 1123 3983 occultatur
1138 3963 1155 3992 ,
1172 3925 1309 3980 sicut
1330 3926 1389 3977 in
1412 3926 1642 3979 oleastro

610 4012 837 4083 contigit
850 4008 1079 4081 Megaris
1102 4008 1159 4060 in
1186 4006 1307 4059 foro
1331 4017 1478 4070 sato,
1497 4018 1634 4059 etc..

610 4092 967 4163 Theophrast.
996 4088 1159 4141 Hunc
1205 4086 1388 4139 locum
1436 4084 1641 4139 Plinius

1731 2484 2002 2539 incuriose
2016 2486 2192 2541 vertit.
2211 2487 2518 2541 Duff-Ee
2535 2490 2772 2562 quadan.

1732 2564 1858 2619 Ali·
1885 2579 2196 2620 centnm-um
2218 2567 2274 2620 in
2293 2566 2586 2623 arboribus
2609 2571 2770 2642 origo.

1731 2643 1940 2716 Lapide
1971 2646 2230 2699 nimirum
2275 2646 2590 2713 inculcata,
2621 2664 2773 2722 atque

1733 2726 1984 2797 amplexu
2011 2725 2330 2780 incrementi
2359 2727 2574 2781 cis-cnm
2605 2728 2772 2785 obdu·

1735 2806 1808 2859 cti
1833 2804 2054 2859 demum
2095 2806 2402 2871 occultat03
2431 2808 2524 2861 vel
2559 2808 2770 2863 alterius

1731 2885 1976 2949 arboris,
2022 2903 2144 2958 qun
2173 2886 2234 2939 in
2267 2886 2524 2958 proximo
2573 2889 2768 2949 fuerit,

1729 2982 1883 3019 ramo
1911 2964 1970 3017 in
1991 2965 2212 3019 alterins
2239 2982 2457 3020 ramum
2485 2984 2766 3040 coagum-

1733 3057 1862 3099 tsto.
1885 3036 2056 3112 (Vide
2081 3064 2260 3118 supra.
2267 3038 2288 3112 )
2321 3046 2511 3101 Hm.

1817 3142 1870 3177 1.
1895 3124 2136 3194 Megaris.
2183 3126 2256 3179 Et
2283 3127 2400 3180 hec
2425 3144 2456 3179 s
2483 3127 2766 3201 Theophr.

1732 3203 2020 3259 truduntur
2037 3206 2110 3274 ,1.
2139 3223 2187 3259 c.
2217 3204 2404 3261 Halm.

1817 3304 1870 3338 s.
1903 3286 2056 3356 Quod
2077 3290 2275 3339 succisa
2303 3286 2504 3341 accidu.
2533 3286 2722 3351 Quum
2739 3304 2766 3337 s

1731 3364 1942 3419 Pericle
1974 3378 2170 3427 ,vastate
2207 3378 2287 3419 est
2323 3366 2604 3438 Megaris,
2629 3366 2769 3421 bello

1731 3445 2222 3516 Peloponnesiaco,
2261 3459 2323 3500 ut
2349 3444 2580 3520 quidem
2609 3448 2766 3503 :efen

1731 3524 1896 3579 Diod.
1923 3525 2027 3579 Sic.
2049 3526 2148 3581 lib.
2181 3527 2306 3579 ΧΠ.
2335 3525 2527 3579 Hsnn.

1731 3652 1736 3658 .
1813 3605 1866 3659 3.
1917 3606 1982 3659 In
2005 3606 2170 3661 eodem
2191 3618 2362 3678 ponte.
2409 3608 2494 3659 De
2520 3626 2638 3679 quo
2661 3608 2764 3679 ian

1729 3682 1938 3739 dictum
1967 3699 2048 3739 est
2077 3706 2198 3758 cap.
2227 3706 2282 3757 7.
2309 3686 2650 3741 DeNeronis
2663 3706 2768 3739 sm-

1728 3764 2036 3835 phitheatro
2056 3765 2269 3820 dicetur
2286 3766 2611 3833 maxum.
2629 3764 2769 3822 6.]1.

1815 3852 1867 3908 4.
1894 3846 1955 3897 In
1976 3846 2246 3916 porticibus·
2275 3860 2534 3915 septorum.
2575 3848 2764 3919 Septa,

1729 3922 2002 3995 quondam
2027 3925 2237 3991 Ovilia,
2263 3927 2322 3979 in
2351 3944 2548 3999 campo
2571 3926 2762 3981 Martio

1728 4004 1846 4059 loca
1871 4006 2174 4077 frequentis
2189 4046 2206 4071 ‚
2227 4008 2402 4061 cincta
2427 4007 2668 4079 ps-inum
2687 4018 2761 4059 ts-

1729 4085 1924 4138 bulatis
1941 4123 1956 4147 ‚
1983 4084 2184 4139 deinde
2213 4104 2486 4141 marmore
2503 4122 2522 4149 ‚
2543 4098 2756 4157 sumptu
