2984 5009
1006 420 1067 491 Ῑ
1079 424 1327 491 IBER
1380 422 1586 491 XVI.

2205 420 2358 494 625

212 553 529 652 populus.
589 556 847 624 Caetera
894 556 1120 623 omnia
1161 553 1475 623 inferiora
1536 550 2004 647 pandantur.
1935 550 2006 591 ⁷·
2057 550 2275 647 palma
2326 580 2365 623 e
2403 582 2432 614 2

213 664 557 732 contrario
586 646 1025 729 fornicatim⁸.
1050 661 1253 729 Pinus
1284 674 1349 729 et
1380 682 1736 753 cupressus
1761 656 2081 727 adversus
2117 661 2363 729 cariem

212 773 565 863 tineasque
621 766 1029 835 firmissimas.
1090 765 1307 835 Facile
1372 763 1705 859 pandatur
1761 762 2119 858 juglan3‚
2054 762 2116 807 ⁹·
2191 766 2365 835 fiunt

211 876 401 945 enim
430 888 499 943 et
524 898 608 941 ex
634 896 712 941 ea
746 873 985 941 trabes.
1004 874 1246 967 Frangi
1272 896 1343 941 se
1363 872 1776 966 praenunciat
1792 868 2128 965 strepitu¹⁰
2145 874 2366 967 .quod

212 984 286 1049 in
338 976 745 1049 Antandro¹¹
789 978 1067 1066 accidit,
1115 1004 1323 1073 quum
1362 1002 1399 1046 e
1434 976 1686 1047 balneis
1735 978 1947 1045 territi
1987 1002 2151 1046 sono
2200 1004 2367 1073 pro-

213 1088 560 1181 fugerunt.
597 1086 834 1173 Pinus,
870 1086 1107 1180 piceae,
1135 1083 1265 1154 alni
1304 1083 1388 1153 ad
1424 1106 1746 1177 aquarum
1790 1082 2029 1174 ductus
2061 1084 2130 1152 in
2170 1086 2368 1155 tubos

212 1205 567 1263 cavantur.
600 1192 877 1261 Obrutae
904 1206 1082 1261 terra
1112 1191 1413 1287 plurimis
1470 1189 1718 1258 durant
1769 1191 1980 1259 annis.
2017 1188 2285 1259 Eaedem
2315 1194 2370 1261 si

214 1326 362 1369 non
414 1300 831 1392 integantur‚
869 1300 1002 1367 cito
1041 1310 1440 1382 senescunt3
1500 1298 1744 1365 mirum
1791 1297 1860 1365 in
1895 1295 2172 1366 modum
2223 1297 2369 1367 for·-

215 1408 429 1476 tiores
450 1456 471 1489 ‚
505 1406 557 1473 si
592 1404 839 1473 humor
874 1419 1060 1474 extra
1092 1427 1359 1499 quoque
1394 1404 1696 1498 supersit.

330 1512 685 1579 LXXXII.
723 1512 1133 1579 Firmissima
1163 1512 1232 1578 in
1264 1524 1523 1579 rectum
1557 1509 1737 1578 abies
1759 1507 1799 1576 ¹.
1843 1508 2095 1578 Eadem
2135 1506 2362 1579 valva-

212 1643 375 1687 rum
419 1613 753 1711 repagulis
767 1614 815 1703 ²,
858 1631 927 1685 et
958 1616 1043 1685 ad
1075 1640 1510 1712 quaecumque
1551 1614 1756 1685 libeat
1793 1600 2138 1686 intestina³
2169 1641 2372 1712 opera

214 1784 323 1819 nec
353 1763 560 1816 Plinius
578 1776 721 1817 certe
744 1762 939 1817 dixerit
955 1803 970 1829 ‚
997 1781 1097 1816 nec
1122 1762 1257 1834 quid

212 1842 359 1899 illud
378 1844 449 1896 sit
473 1841 688 1895 demum
703 1843 978 1915 ‚OEdipus
1003 1843 1117 1915 ipse
1136 1860 1259 1895 sane

214 1922 561 1978 intellexerit.
592 1918 775 1973 Hanu.

306 2016 365 2072 7.
405 2001 715 2053 Pandantnr.
775 2000 1083 2053 Curvantur
1102 2039 1119 2066 ,
1171 2019 1259 2053 ce-

218 2083 479 2154 duntque
516 2079 758 2150 ponderi.
792 2079 997 2132 Plinius
1023 2080 1119 2133 lib.
1143 2081 1259 2145 xl,

225 2180 301 2217 10
322 2200 339 2224 ,
370 2160 440 2213 de
464 2161 683 2229 apibus,
717 2182 739 2203 α
764 2160 1027 2229 Totaeque
1056 2172 1261 2213 onusta!

215 2253 470 2295 remeant
500 2240 705 2292 sarcina
743 2237 1006 2311 pandatae.
1046 2264 1069 2285 ι
1106 2239 1177 2291 Η.

311 2323 371 2375 8.
404 2320 725 2372 Fornicatim.
766 2318 1010 2371 Fornicis
1049 2318 1104 2371 in
1142 2338 1259 2371 mo-

218 2418 346 2455 rem
380 2417 591 2451 sursum
620 2418 803 2452 versus
839 2411 1110 2451 curvatur.
1151 2398 1261 2450 Pli-

220 2482 353 2533 nius
378 2478 475 2531 lib.
522 2478 629 2539 IX,
680 2498 798 2549 cap.
831 2496 897 2531 10
924 2497 939 2527 ε
978 2503 1000 2524 e
1028 2479 1262 2530 Ruentes

220 2578 377 2615 ceras
392 2558 623 2611 fulciunt
636 2598 653 2621 ,
667 2558 899 2628 pilarum
924 2556 1263 2628 intergerinis

222 2660 255 2693 a
280 2640 403 2692 solo
426 2638 712 2691 fornicatis.
744 2664 765 2684 n
794 2638 861 2689 Et
871 2640 1143 2703 sor-nicae&
1164 2638 1259 2688 vi-

221 2718 411 2773 truvio
440 2730 565 2769 nota
596 2730 648 2769 et
676 2718 886 2770 Seneca
906 2735 1005 2769 vox
1034 2730 1127 2770 est.
1152 2717 1220 2769 Η.

314 2816 371 2865 9.
399 2797 629 2865 Juglans.
649 2795 859 2853 Εὐέοΐκή
882 2798 1056 2864 καρύα.
1086 2796 1265 2850 Casta·

223 2896 331 2931 nea
358 2916 373 2941 ,
414 2874 667 2947 Theoph.
698 2878 899 2929 Histor.
927 2878 1018 2929 lib.
1041 2877 1095 2927 V
1114 2894 1263 2947 ‚cap.

230 2976 265 3028 7
288 2997 305 3023 ,
345 2955 441 3026 qui
471 2955 613 3008 illam
646 2956 821 3009 sonitu
854 2975 909 3009 se
942 2956 1113 3024 frangi
1136 2974 1270 3027 prae-

229 3036 489 3089 nuntiare
526 3034 742 3106 quidem
773 3036 986 3100 scribit,
1027 3034 1118 3086 sed
1156 3054 1267 3087 non

230 3115 391 3169 facile
418 3114 645 3186 pandari
669 3154 685 3179 ,
735 3108 879 3188 quod
927 3115 999 3167 ait
1044 3113 1267 3167 Plinius.

231 3197 446 3248 Daue.
459 3226 537 3237 —-
561 3194 793 3265 Juglans.
808 3192 933 3247 Non
951 3188 1267 3266 juglandem

232 3275 519 3343 Theophr.
548 3272 640 3326 sed
668 3289 963 3329 castaneam
998 3273 1166 3338 dixit,
1201 3270 1270 3326 de

231 3354 437 3427 quibus
459 3354 568 3423 jam
595 3356 784 3424 sapius
813 3354 1033 3424 egimus.
1058 3354 1161 3407 En.

326 3452 416 3487 ιο.
495 3432 727 3503 Str-epita.
810 3434 1060 3504 Crepitu,
1116 3434 1270 3505 ψόφῳ.

233 3511 515 3583 Tbeophr.
545 3513 679 3565 Hist.
710 3513 806 3567 lib.
829 3514 901 3575 V,
929 3531 1044 3582 cap.
1080 3533 1132 3584 7.
1156 3507 1229 3567 H.

330 3609 421 3645 ιι.
452 3592 513 3643 ln
539 3593 818 3645 Antandro.
852 3588 1131 3663 Th'eophr.
1158 3591 1195 3645 l.
1222 3611 1270 3645 c.

237 3670 311 3725 de
338 3683 595 3725 castanea
626 3674 870 3735 materie,
898 3672 1271 3742 trabibusque,

238 3765 301 3805 ut
318 3749 576 3815 diximus,
597 3771 706 3804 non
724 3749 1009 3823 juglandis.
1031 3753 1093 3803 ln
1114 3750 1271 3805 MSS.

240 3834 294 3883 in
318 3831 516 3884 Andro.
545 3835 616 3884 At
639 3832 993 3903 Theophrast.
1016 3833 1061 3883 ἐν
1086 3824 1277 3885 Autein-

238 3906 365 3982 δρῳ.
404 3907 588 3963 Hum.

326 3989 607 4043 LXXXII.
629 4009 653 4044 1
665 4031 677 4044 .
699 3990 753 4041 F
748 3994 1000 4044 [unissima
1019 3990 1089 4042 ad
1101 4001 1275 4042 tectum

238 4070 413 4134 abies,
443 4082 547 4123 etc.
580 4072 661 4124 Eo
694 4070 813 4125 loco
841 4071 967 4125 libri
996 4070 1233 4125 scribunt
1256 4087 1271 4121 :

402 4168 483 4236 V.

1354 1788 1379 1811 ι
1416 1762 1718 1815 firmissima
1782 1762 1838 1815 in
1888 1775 2096 1815 rectum
2140 1762 2314 1828 abies,
2347 1791 2372 1813 ι

1346 1862 1464 1914 quae
1499 1843 1769 1895 verissima
1801 1842 1997 1907 lectio;
2022 1842 2378 1896 firmissimam

1344 1923 1421 1975 ait
1447 1940 1558 1974 esse
1581 1922 1806 1973 abietem
1841 1918 1895 1973 in
1918 1920 2188 2020 operibus?
2207 1941 2379 1993 quum

1345 2014 1489 2055 recta
1521 2000 1792 2053 statuitur.
1821 1998 1882 2053 In
1909 2003 2203 2066 1·eceum‚sic
2223 2004 2375 2072 ὀρθόν.

1345 2080 1414 2133 Et
1434 2078 1710 2132 sciendum
1732 2092 1809 2133 est
1827 2082 2097 2132 intestinum
2111 2101 2228 2151 opas
2251 2100 2380 2154 pro·

1346 2161 1462 2232 prie
1487 2156 1628 2223 dici,
1669 2152 1824 2230 quod
1853 2178 1916 2213 ex
1951 2159 2100 2231 ligno
2139 2160 2236 2226 fit,
2281 2159 2379 2215 sed

1346 2198 1667 2311 elegantioie
1689 2238 1919 2303 fabrica,
1937 2252 1990 2293 et
2007 2258 2067 2292 ea
2086 2253 2198 2293 arte
2215 2258 2378 2313 quam

1348 2318 1710 2372 minutim-iam
1735 2337 1879 2371 nunc
1905 2320 2250 2390 appellamus.
2273 2322 2380 2373 Ve-

1346 2411 1482 2451 teres
1530 2416 1746 2469 quoque
1792 2400 2114 2469 λεπτουργίαν
2178 2399 2378 2454 dixere.

1348 2478 1633 2549 Sequentia
1661 2476 1734 2530 sic
1766 2478 1883 2549 lege
1910 2496 1922 2529 :
1966 2502 1989 2526 ι
2029 2477 2113 2530 Ad
2136 2479 2381 2533 incitatos

1347 2558 1695 2611 runcinarum
1716 2570 1881 2610 actus.
1905 2552 2106 2611 Eadem
2130 2571 2183 2611 et
2212 2559 2381 2613 febris

1348 2638 1580 2690 maxime
1606 2636 1874 2690 sociabilis
1903 2637 2134 2708 glutino.
2157 2663 2180 2685 ι
2206 2637 2380 2693 Sum.

1348 2750 1429 2761 —
1455 2712 1752 2769 Firmissime
1792 2716 1843 2769 in
1883 2730 2078 2771 rectum.
2125 2717 2181 2771 Si
2235 2732 2382 2773 recta

1350 2809 1630 2852 statuatur.
1671 2797 1750 2851 Ita
1778 2795 1962 2851 chiffl.
2005 2796 2210 2863 codex,
2262 2800 2383 2853 alii·

1353 2897 1458 2949 que
1503 2876 1877 2948 probatissimi.
1921 2880 1991 2930 At
2030 2878 2154 2930 libri
2198 2897 2388 2933 omnes

1352 2957 1510 3018 editi,
1547 2955 1832 3026 firmissima
1859 2957 1932 3009 ad
1967 2970 2159 3010 tectum.
2203 2958 2388 3012 Minus

1352 3050 1495 3089 certe
1524 3037 1746 3089 sincere.
1775 3037 1912 3088 Nam
1942 3037 2219 3107 Theophr.
2249 3038 2384 3092 Hist-

1354 3114 1449 3167 lib.
1477 3117 1551 3179 V,
1578 3134 1693 3186 cap.
1724 3134 1794 3185 7,
1822 3116 1987 3169 ficum
2013 3114 2245 3168 validam
2273 3134 2387 3171 esse

1354 3192 1512 3259 dicit,
1544 3212 1710 3265 quum
1739 3208 1882 3247 reeta
1910 3196 2193 3259 statuitur,
2223 3198 2390 3267 magis

1355 3293 1485 3327 vero
1542 3274 1815 3327 abietem:
1865 3264 2064 3344 Ῐσχυρὸν
2094 3270 2153 3327 δὲ
2195 3278 2253 3327 τὸ
2297 3282 2386 3336 τῆς

1355 3357 1549 3417 συκῆς,
1588 3352 1716 3409 πλὴν
1760 3354 1826 3414 εἰς
1870 3355 2019 3425 ὀρθαν·
2063 3355 2096 3412 ἡ
2147 3350 2206 3407 ὃὸ
2235 3354 2386 3412 ἐλαί-τη

1357 3438 1477 3505 μάλι
1479 3453 1570 3496 ea,
1603 3435 1666 3494 ὣς
1695 3434 1846 3486 εἰπεῖν
1854 3473 1870 3496 ,
1895 3434 2108 3504 ἰσχυρόν-
2138 3434 2322 3487 Hann-

1442 3532 1496 3566 a.
1528 3512 1584 3564 V
1578 3514 1795 3564 alvarum
1829 3512 2088 3583 repagulis.
2133 3514 2198 3565 In
2232 3514 2388 3569 MSS.

1360 3593 1642 3649 omnibus,
1673 3591 1929 3644 valvarum
1955 3594 2155 3661 paginis
2186 3612 2206 3646 .·
2241 3592 2391 3647 baud

1328 3732 1335 3747 Ι
1360 3669 1670 3744 poenitenda
1685 3671 1916 3724 lectione
1939 3670 2224 3725 :videntur
2247 3674 2392 3727 enim

1360 3752 1569 3824 pagina
1593 3751 1864 3803 valvarum
1893 3750 2150 3822 appellari
2173 3771 2396 3816 asseres,

1362 3832 1560 3903 quibus
1610 3831 1736 3901 ipsc
1789 3832 2208 3902 compinguntur
2231 3872 2248 3899 ,
2303 3852 2396 3887 co-

1365 3923 1874 3982 agmentanturque‚
1909 3929 1968 3964 ac
1986 3910 2150 3963 veluti
2175 3931 2396 3984 compa·-

1364 3990 1618 4061 ginantur
1639 3990 1820 4043 valva.
1845 3989 2038 4043 Halm.

1450 4070 1504 4123 3.
1542 4071 1791 4122 Intestina.
1821 4071 1901 4123 De
1923 4070 2008 4124 his
2029 4088 2148 4142 cap.
2174 4074 2267 4141 76.
2297 4070 2365 4125 Π.

2013 4170 2108 4251 Ao
