2984 5009
735 491 886 538 aia
1289 467 1368 534 C.
1427 463 1770 534 PLINII
1826 465 2047 534 NAT.
2106 463 2364 533 HIST.

737 596 1066 668 latifundii
1109 599 1470 685 taxatione,
1524 597 1579 664 si
1628 597 1775 690 quis
1824 594 2071 691 proedia
2116 597 2285 664 tanti
2334 597 2615 664 mercari
2652 596 2825 666 malit.

737 703 1132 798 Magnitudo
1186 700 1589 798 amplissima
1640 701 1873 771 adhuc·
1902 701 2066 787 fuit,
2112 703 2307 770 unius
2363 703 2721 772 commissae
2766 728 2830 771 ex

732 807 1070 881 orbibus¹⁰
1119 807 1474 879 dimidiatis
1524 807 1821 893 duobus,
1849 830 1888 875 a
1936 831 2095 902 rege
2148 809 2581 878 Mauretaniae
2632 807 2826 878 Ptole-

733 914 938 986 maeo¹
947 915 992 1004 ¹,
1033 930 1321 1011 quatuor
1349 915 1593 1010 pedum
1634 928 1703 983 et
1746 914 2091 1044 semipedis
2123 938 2244 1009 per
2276 913 2627 983 medium¹²
2650 914 2829 983 ambi·

731 1037 917 1109 tum,
970 1020 1401 1092 crassitudine
1469 1005 1959 1114 quadrantali¹³
1966 1067 1983 1084 .
2058 1019 2410 1113 Majusque
2464 1019 2827 1091 miraculum

730 1131 800 1198 in
837 1152 916 1197 ea
951 1143 1052 1198 est
1092 1130 1293 1211 artiS‚
1322 1125 1567 1196 latente
1596 1127 1946 1220 junctura,
1977 1150 2175 1220 quam
2218 1127 2539 1220 potuisset
2568 1151 2707 1196 esse
2736 1150 2829 1194 na·

729 1249 916 1306 turae.
953 1233 1190 1304 Solidae
1233 1249 1454 1303 autem
1506 1257 1546 1302 a
1582 1233 1829 1302 Nomio
1864 1231 2111 1301 Tiberii
2154 1233 2431 1301 Caesaris
2474 1230 2705 1302 liberto
2738 1257 2831 1302 co—

727 1366 1015 1436 gnomen
1060 1327 1464 1423 trahentis¹⁴‚
1497 1338 1709 1408 tribus
1738 1336 1995 1408 sicilicis
2014 1322 2061 1361 ¹⁵
2099 1337 2273 1406 infra
2302 1352 2593 1432 quatuor
2620 1338 2831 1434 pedes»,

728 1441 1138 1540 totidemque
1170 1445 1342 1514 infra
1379 1443 1780 1540 semipedem
1817 1442 2286 1514 crassitudinis.
2332 1445 2539 1532 Qua
2520 1470 2589 1512 m
2622 1470 2695 1514 re
2720 1467 2832 1512 non

721 1551 1169 1630 omittendum
1231 1551 1525 1634 videtur,
1569 1550 1841 1620 Tiberio
1887 1551 2177 1645 Principi
2228 1573 2525 1618 mensam
2578 1565 2834 1644 quatuor

723 1658 926 1754 pedes
957 1656 1292 1727 sextante'
1297 1642 1615 1726 ⁶sicilico
1652 1655 2119 1742 excedentem,
2160 1661 2302 1725 tota
2343 1680 2505 1726 vero
2555 1658 2831 1727 crassitu-

723 1763 879 1834 dine
906 1760 1322 1849 sescunciali‚
1349 1765 1765 1858 operimento
1791 1761 2049 1834 laminae
2077 1762 2379 1832 vestitam
2406 1761 2627 1850 fuisse,
2652 1785 2831 1857 quum

1836 2003 1981 2058 sius:
2005 2026 2027 2048 α
2050 2003 2324 2058 Dividitur
2352 2004 2512 2058 uncia
2542 2005 2599 2058 in
2630 2020 2836 2078 quatuor

1836 2083 2067 2138 sicilicos
2084 2123 2101 2144 ,
2132 2081 2191 2136 id
2218 2096 2323 2146 est,
2366 2083 2423 2136 in
2450 2098 2685 2155 quatuor
2705 2103 2834 2156 quar·

721 2007 790 2061 fr.
838 2006 882 2060 si
941 2003 1010 2059 ad
1072 2005 1305 2077 pretium
1371 2004 1713 2060 metallorum
1732 2042 1750 2070 ,

721 2087 968 2158 Augusto
988 2085 1159 2156 princ.
1181 2085 1462 2157 respicias;
1503 2088 1748 2154 249‚060

721 2167 790 2220 fr.
854 2165 898 2218 si
950 2163 1020 2219 ad
1075 2166 1332 2220 rationem
1377 2165 1748 2218 Pliniauorum

720 2258 1020 2316 temporum
1047 2259 1336 2314 computes.
1359 2245 1467 2298 En.

807 2343 888 2378 10.
919 2326 1004 2378 Ex
1031 2323 1240 2378 orbibus.
1279 2326 1446 2380 Erant
1487 2323 1627 2376 enim
1672 2341 1747 2376 eo

1836 2175 1931 2216 tas.
1951 2189 1973 2210 ι
2015 2163 2237 2216 Festus:
2273 2163 2589 2218 «Sicilicum
2630 2163 2833 2226 dictum,

1836 2241 1984 2312 quod
2024 2241 2347 2295 semunciam
2396 2257 2554 2296 secet.
2581 2271 2605 2290 ·
2637 2245 2833 2297 Pollices

1834 2319 2069 2375 duodeni
2116 2319 2309 2389 pedem
2350 2323 2704 2377 constituunt.
2732 2322 2834 2375 Fuit

719 2423 910 2458 mense
952 2403 1292 2457 orbiculata:
1330 2421 1495 2473 quare
1530 2403 1746 2454 Mauros

719 2485 872 2538 orbes
898 2483 1127 2556 appellat
1154 2481 1383 2536 Martial.
1413 2481 1507 2533 lib.
1527 2482 1635 2545 IX,
1656 2499 1741 2551 ep.

725 2566 795 2618 23
821 2603 837 2629 ,
885 2561 1236 2634 elephantinis
1301 2559 1555 2613 dentibus
1575 2599 1591 2624 ,
1640 2561 1744 2612 hoc

718 2655 821 2706 est,
849 2641 1072 2713 pedibus
1095 2639 1308 2693 eboreis
1326 2637 1599 2693 suffultos:
1632 2639 1745 2692 «Ut

717 2721 893 2774 Mauri
919 2719 1135 2789 Libycis
1159 2732 1370 2772 centum
1403 2729 1545 2772 stent
1568 2716 1744 2771 denti-

717 2800 818 2852 bus
837 2800 1016 2852 orbes.
1041 2823 1063 2844 ι
1087 2795 1272 2852 Ham).

805 2899 828 2932 1
845 2895 895 2932 1.
911 2877 1192 2930 Ptolemaeo.
1209 2877 1366 2928 Jubae
1381 2875 1519 2940 filio,
1536 2875 1606 2929 de
1626 2895 1739 2947 quo

718 2957 774 3011 in
802 2959 1099 3012 suetorum
1133 2953 1317 3009 Indice
1341 2954 1605 3021 diximus,
1630 2974 1743 3010 ver-

719 3037 791 3090 bo
817 3037 964 3096 Iuba.
999 3037 1185 3089 Hann.

806 3136 892 3170 ια.
939 3115 1040 3168 Per
1095 3115 1316 3168 medium.
1357 3116 1546 3185 Itaque
1597 3127 1743 3168 totus

719 3215 912 3250 menso
959 3194 1186 3248 ambitus
1229 3192 1432 3266 pedum
1469 3213 1739 3248 novenum

717 3275 834 3329 tuit.
870 3273 1053 3324 Haut).

805 3373 827 3408 ι
843 3355 896 3409 3.
965 3353 1310 3424 Quodn-amali.
1375 3351 1741 3416 Quadrantem

711 3439 850 3506 pedis
892 3436 1057 3500 ωυὶω,
1095 3433 1202 3486 hoc
1233 3444 1336 3497 est,
1375 3431 1577 3502 polleces
1616 3443 1710 3484 ms
1724 3467 1741 3497 ,

715 3511 1062 3568 crassitudine
1083 3512 1305 3566 obtinuit.
1319 3511 1501 3564 Hann.

803 3613 827 3648 1
840 3601 892 3658 4.
926 3593 1200 3664 Cognomm
1231 3591 1477 3645 trahente.
1521 3591 1744 3644 Nomia-

716 3691 798 3726 ηε
841 3673 1230 3744 cognominato
1270 3688 1285 3723 ε
1341 3684 1394 3723 et
1435 3668 1605 3723 solida
1643 3669 1737 3723 illa

715 3748 934 3826 quidem
959 3751 1088 3814 ruit,
1113 3749 1375 3821 uniusque
1397 3748 1600 3814 trunci,
1626 3767 1738 3803 non

715 3850 782 3882 ex
807 3819 1098 3883 dimidiatis
1121 3829 1362 3893 duobus,
1387 3841 1449 3882 ut
1473 3827 1737 3899 superior.

668 3939 674 3946 ·
713 3907 896 3963 Hanu-

747 4041 756 4050 ,
800 3988 892 4044 15.
907 3985 1260 4040 Tribaieilieis.
1287 3985 1530 4040 Sicilicus
1554 3999 1740 4056 quarta

694 4087 834 4140 -pars
857 4066 1063 4140 pollicis
1090 4079 1167 4120 est
1181 4104 1198 4130 ,
1222 4067 1332 4122 sive
1351 4066 1538 4121 uncia.
1566 4067 1738 4120 Volu-

1833 2401 1998 2473 igitur
2029 2401 2156 2454 huic
2200 2420 2393 2456 mensae
2434 2403 2728 2474 amplitudo
2757 2419 2833 2474 pe·

1834 2479 1965 2534 dum
1992 2499 2100 2534 non
2129 2480 2348 2534 omnino
2378 2495 2717 2552 quaternum.
2742 2483 2831 2534 De-

1833 2573 1983 2614 erant
2024 2559 2193 2612 solum
2232 2575 2339 2614 tres
2372 2561 2593 2626 sicilici,
2621 2564 2721 2616 hoc
2742 2572 2834 2622 est,

1832 2639 2042 2710 pollicis
2067 2641 2225 2692 unius
2251 2638 2487 2694 dodrans
2506 2681 2523 2706 ,
2566 2660 2659 2695 seu
2687 2652 2833 2713 partes

1830 2732 1953 2772 tres.
1978 2718 2066 2772 Sic
2092 2718 2381 2772 crassitudo
2406 2721 2725 2792 semipedem
2742 2738 2833 2773 uon

1830 2798 2101 2869 aquabat:
2125 2798 2456 2852 tantumdem
2484 2800 2739 2872 semipedi
2756 2798 2835 2852 de-

1829 2889 1943 2930 erat
1960 2914 1977 2941 ,
2028 2897 2097 2930 ne
2144 2877 2345 2931 solidus
2392 2880 2622 2952 semipes
2679 2883 2800 2934 foret
2818 2915 2833 2938 ι

1826 2973 2023 3027 nempe
2047 2955 2283 3011 dodrans
2320 2959 2533 3029 pollicis
2564 2961 2737 3014 unius.
2776 2959 2835 3012 Η.

1918 3039 2009 3090 16.
2051 3035 2299 3090 δια-ταντα.
2349 3037 2571 3092 Sextans
2612 3059 2730 3110 pars
2770 3051 2835 3091 est

1828 3114 1953 3168 assis
1978 3127 2117 3170 sexta
2136 3157 2152 3180 ‚
2186 3115 2294 3169 sive
2314 3119 2485 3172 uncio
2504 3117 2649 3172 dua.
2676 3121 2835 3173 Am

1827 3195 2044 3266 appello
2084 3215 2201 3250 rem
2240 3194 2497 3268 integram
2544 3217 2837 3270 quamcum-

1828 3291 1963 3344 que,
1989 3293 2081 3328 seu
2108 3273 2389 3346 ponderis,
2437 3295 2527 3330 seu
2560 3295 2835 3342 mensuro,

1829 3355 1980 3424 cujus
2008 3371 2131 3425 pars
2160 3353 2471 3409 duodecima
2504 3360 2663 3412 uncia
2680 3357 2839 3428 appel·

1826 3431 1985 3486 latur.
2014 3433 2167 3487 Hanc
2194 3434 2355 3504 igitur
2384 3455 2623 3492 mensam
2654 3438 2837 3491 Plinius

1830 3511 1902 3564 ait
1923 3512 2273 3582 longitudinis
2293 3513 2537 3568 habuisse
2555 3514 2719 3588 pedes
2730 3533 2839 3587 qua·

1828 3603 2033 3656 ternos,
2067 3605 2120 3645 et
2148 3593 2303 3646 binos
2346 3607 2601 3665 preterea
2638 3595 2839 3667 pollices

1830 3683 1885 3724 et
1909 3671 2117 3742 pollicis
2139 3669 2487 3744 quadrantem
2506 3713 2522 3740 ,
2551 3676 2667 3729 sive
2698 3673 2841 3728 sieili-

1824 3766 1984 3817 eum;
2008 3749 2351 3804 crassitudine
2367 3771 2495 3806 vero
2515 3753 2836 3827 sesquipolli·
2870 3799 2879 3814 ,

1824 3847 1940 3882 cem
1968 3831 2269 3904 aequavisse.
2300 3829 2481 3886 Hau).

1915 3928 1997 3979 17.
2062 3911 2186 3962 Tam
2232 3913 2408 3981 opima.
2460 3913 2568 3967 Tot
2614 3913 2839 3985 partibus

1827 3989 2085 4060 amplior:
2106 4008 2277 4061 quum
2298 4007 2493 4063 nempe
2508 4009 2837 4064 novenospe-

1826 4065 1921 4122 des
1944 4067 2169 4124 circuitu
2195 4070 2371 4124 liberti
2404 4089 2583 4126 mensa
2612 4072 2838 4126 eontine-
