2984 5009
699 440 851 530 3'30
1225 462 1307 530 c.
1361 462 1705 531 PL1N11
1758 460 1982 529 NAT.
2037 460 2291 529 fflsT.

695 618 826 687 que
859 591 1056 663 coedis
1091 618 1130 661 a
1164 592 1455 663 Romulo
1485 591 1884 664 absolutum.
1924 591 2167 662 Fabius
2204 592 2469 663 Ρίοιοι·9
2496 594 2563 661 in
2597 598 2787 663 Anna·

697 698 868 769 libus
909 700 1041 769 suis
1085 702 1348 795 scripsit
1381 728 1397 769 ε
1445 704 1827 770 Mati-onam
1848 754 1867 784 ‚
1914 698 2092 793 quod
2140 698 2427 783 loculos,
2472 700 2543 767 in
2581 702 2791 794 quibus

697 821 888 877 erant
928 804 1148 876 claves
1193 808 1462 877 vinariae
1506 806 1723 892 eellae,
1778 806 2276 901 resignavisset,
2330 830 2372 874 a.
2418 808 2553 875 suis
2604 808 2791 875 inedia

695 914 865 983 mori
897 926 1216 983 coactam.
1250 915 1422 983 Cato
1477 914 1629 983 ideo
1684 914 2093 1009 propinquos
2114 910 2161 937 ¹⁰
2212 912 2471 982 feminis
2520 912 2789 982 osculum

695 1020 895 1106 dare,
935 1034 1012 1089 ut
1047 1022 1324 1107 scirent,
1361 1045 1448 1089 an
1504 1034 1824 1091 temetum
1876 1018 2151 1089 olerent.
2196 1022 2343 1088 Hoc
2386 1034 2529 1089 tum
2576 1042 2791 1089 nomen

691 1127 850 1195 vino
887 1141 1068 1196 erat:
1113 1126 1288 1196 unde
1327 1141 1396 1196 et
1435 1125 1882 1196 temulentia¹¹
1931 1123 2276 1221 appellata.
2318 1128 2447 1195 Cn.
2491 1128 2793 1194 Domitius

686 1232 890 1326 judex
933 1235 1420 1327 pronuntiavit,
1465 1234 1811 1303 mulierem
1837 1231 2045 1301 videri
2078 1231 2241 1329 plus·
2260 1232 2505 1303 bibisse
2524 1228 2592 1317 ¹²,
2620 1256 2789 1326 quam

695 1336 1090 1409 valetudinis
1113 1364 1342 1425 causa,
1366 1340 1512 1411 viro
1545 1342 1891 1427 insciente,
1910 1354 1977 1408 et
2001 1337 2154 1408 dote
2172 1338 2554 1409 mulctavit:
2582 1338 2795 1433 diuque

624 1461 654 1509 3
693 1446 834 1539 ejus
877 1448 974 1515 rei
1017 1471 1256 1541 magna
1297 1450 1703 1541 parsimonia
1739 1447 1881 1517 fuit.
1936 1449 2015 1515 L.
2062 1431 2423 1543 Papirius¹³
2466 1448 2796 1540 imperator

693 1542 1010 1621 adversus
1058 1552 1385 1623 Samnites
1435 1555 1865 1623 dimicaturus
1901 1566 2133 1622 votum
2181 1552 2375 1641 feeit,
2424 1554 2478 1623 si
2528 1552 2793 1633 vicisset,

689 1660 840 1727 Jovi
891 1656 1207 1761 pocillum
1260 1662 1417 1729 vini.
1475 1662 1783 1756 Denique
1829 1659 2000 1729 inter
2050 1658 2226 1730 dona
2279 1660 2595 1730 sextarios
2640 1658 2796 1727 lactis

691 1764 884 1835 datos
947 1767 1356 1853 invenimini,
1411 1792 1737 1863 nusquam
1788 1769 1943 1837 vini.
2007 1766 2189 1836 Idem
2246 1770 2455 1853 Cam,
2494 1792 2688 1861 quum
2738 1766 2793 1831 in

577 1914 584 1921 ·
692 1874 1078 1967 Hispaniam
1113 1876 1493 1969 navigaret,
1524 1876 1701 1945 unde
1727 1900 1879 1944 cum
1912 1860 2319 1969 triumpho¹⁴
2346 1872 2578 1942 rediit:
2621 1873 2793 1941 «Non

774 2082 1031 2151 9.Fabias
1045 2082 1229 2137 Pictor.
1255 2084 1336 2137 De
1363 2083 1505 2137 eoin
1526 2085 1722 2151 Aucto·
1806 2101 1984 2137 sarum
2018 2082 2355 2154 cognitione,
2400 2100 2518 2151 quo
2557 2102 2671 2137 vera
2706 2098 2797 2133 ene

693 2182 813 2217 rum
854 2162 1056 2216 Indice.
1106 2163 1282 2217 Habet
1335 2164 1450 2217 hoec
1504 2180 1720 2235 quoque
1807 2161 2151 2224 didicissent,
2196 2175 2256 2216 ut
2284 2181 2373 2228 ea,
2416 2182 2529 2217 non
2562 2176 2793 2233 tamqnam

692 2242 1057 2297 Tertullianus
1081 2242 1135 2295 in
1165 2244 1320 2314 Apol.
1347 2262 1464 2315 cap.
1492 2248 1544 2297 6.
1568 2244 1639 2297 H.
1807 2254 1977 2295 essent
1995 2282 2012 2308 ‚
2027 2240 2125 2297 sed
2148 2255 2417 2315 tamquam
2438 2243 2575 2297 facta
2598 2240 2797 2295 videren-

782 2341 864 2375 10.
889 2323 1008 2375 Ideo
1022 2326 1332 2396 propinquos.
1352 2324 1559 2377 Gellius
1576 2324 1649 2387 ,1.
1669 2340 1717 2377 c.
1809 2336 1925 2387 tur,
1960 2324 2391 2393 pronuntiarent.
2442 2322 2683 2395 anaeius
2708 2320 2797 2373 01>-

698 2425 719 2445 -
754 2402 1172 2474 Institutumque
1216 2417 1321 2469 est,
1376 2416 1436 2456 ut
1481 2402 1721 2475 cognatis
1810 2421 1944 2456 serv.
1963 2403 2059 2455 lib.
2082 2404 2198 2469 ΙΙΙ,
2226 2421 2347 2474 cap.
2376 2404 2463 2457 26.
2496 2401 2797 2464 Brissonins,

695 2483 936 2535 osculum
1003 2483 1234 2547 ferrent,
1283 2481 1723 2555 deprehendendi
1810 2501 1927 2553 cap.
1968 2502 2061 2535 aa.
2092 2485 2295 2538 Damno.

696 2581 880 2628 causa,
905 2576 965 2616 ut
985 2560 1123 2615 odor
1148 2562 1407 2617 indicium
1429 2564 1654 2630 faceret,
1676 2562 1719 2619 si
1900 2568 1985 2617 13.
2014 2562 2074 2615 L.
2118 2564 2349 2633 Papirius
2402 2566 2679 2633 imperator,
2716 2572 2795 2612 etc·

696 2642 966 2695 bibissent.
992 2668 1015 2689 ι
1047 2642 1228 2695 Hann.
1814 2644 1895 2696 De
1922 2642 2027 2696 hoe
2052 2642 2175 2695 vide
2204 2644 2300 2696 lib.
2332 2642 2497 2695 xvn
2528 2683 2545 2711 ,
2587 2659 2697 2712 cap.
2730 2656 2801 2692 ιι.

785 2741 806 2777 1
828 2740 874 2775 t.
916 2722 1231 2775 Temulente'a.
1257 2722 1498 2787 Nonius,
1518 2740 1633 2793 cap.
1664 2740 1687 2775 1
1705 2758 1723 2788 ‚
1816 2724 2037 2775 Du..—
2065 2723 2309 2793 Papirius.
2336 2722 2627 2777 Fumat-um
2646 2716 2803 2775 Caudi-

697 2820 754 2853 n.
772 2819 793 2855 1
811 2808 842 2865 4
859 2839 876 2864 ,
895 2819 1016 2871 pag.
1030 2804 1133 2865 486
1166 2821 1181 2853 ι
1211 2828 1234 2850 «ι
1252 2801 1565 2871 Temulentn
1585 2800 1725 2855 dicta
1814 2821 2007 2855 narum
2035 2802 2305 2856 infamiam
2324 2840 2341 2866 ,
2364 2801 2581 2873 quando
2609 2798 2805 2855 deditio-

698 2892 777 2933 εει
801 2880 1006 2933 ebriosa
1025 2919 1042 2944 ,
1087 2878 1232 2935 dicta
1257 2900 1287 2935 a
1310 2894 1506 2935 temeto
1528 2921 1544 2946 ,
1578 2880 1727 2953 quod
1811 2900 1935 2935 nem
1954 2882 2277 2935 Samnitibus
2288 2882 2414 2935 fecit
2432 2896 2809 2935 romannsexea-

701 2972 779 3012 est
806 2960 991 3013 vinum
1009 3000 1026 3027 ,
1049 2959 1194 3031 quod
1219 2972 1434 3014 attentet
1461 2975 1723 3023 mentem,
1813 2962 1975 3026 citus,
1998 2974 2051 3014 et
2074 2963 2173 3015 sub
2190 2965 2373 3033 jugum
2398 2962 2587 3015 missus
2612 2973 2685 3015 est
2710 2974 2807 3013 eum

699 3040 777 3092 M.
807 3038 949 3091 Tull.
980 3039 1048 3092 de
1083 3060 1200 3111 rep.
1220 3041 1315 3093 lib.
1355 3041 1452 3093 IX.
1493 3042 1575 3095 Ita
1621 3060 1731 3095 ma·
1816 3054 2043 3113 utroque
2066 3042 2307 3104 consule.
2338 3060 2463 3095 ann.
2502 3042 2638 3095 Urb.
2676 3034 2807 3092 eond-

699 3137 857 3189 gnam
895 3119 1056 3173 habet
1101 3120 1210 3173 vim
1252 3119 1531 3193 disciplina
1578 3140 1723 3177 vere·
1819 3121 1931 3187 433
1948 3160 1965 3185 ,
1984 3122 2223 3192 sequenti
2248 3140 2387 3175 anno
2414 3122 2603 3193 majori
2632 3116 2809 3173 Samni·

703 3197 916 3251 cundiae
981 3218 994 3250 ε
1056 3201 1250 3253 Carent
1303 3213 1499 3254 temeto
1549 3220 1730 3255 omnes
1815 3199 1949 3253 tium
1968 3199 2154 3266 clade,
2191 3220 2250 3255 ac
2282 3202 2400 3273 pari
2432 3200 2711 3272 ignominia
2744 3213 2811 3249 re·

703 3278 971 3333 mulieres.
1010 3305 1032 3327 ι
1066 3277 1246 3333 nnn.
1819 3278 2009 3350 pendit
2038 3280 2283 3352 Papirius
2320 3282 2645 3351 imperator,
2679 3292 2809 3350 quem

773 3376 876 3419 aa.
938 3360 1189 3412 ,Mulierem
1241 3360 1404 3413 videri
1449 3361 1563 3431 plus
1623 3363 1733 3414 vim·
1820 3360 2005 3415 Livius
2020 3361 2143 3424 ,lib.
2171 3362 2250 3415 IX
2266 3403 2281 3427 ,
2300 3360 2606 3415 Alexandro
2624 3360 2695 3412 Μ.
2714 3358 2751 3410 si
2768 3356 2811 3407 in

706 3438 891 3491 bibisse.
916 3440 992 3493 Ea
1023 3438 1276 3493 modestia
1304 3442 1404 3495 fuit
1429 3442 1731 3512 priscorum
1819 3440 2023 3494 Italiam
2047 3479 2064 3507 ,
2110 3454 2167 3495 ut
2213 3455 2325 3497 erat
2363 3441 2501 3495 sama
2526 3478 2541 3504 ,
2580 3438 2811 3495 venisset·

703 3518 1015 3583 hominum,
1049 3532 1108 3573 ut
1135 3519 1228 3592 qui
1258 3522 1619 3575 testimonium
1646 3518 1729 3573 di·
1819 3538 2001 3591 parem
2030 3519 2105 3573 ait
2131 3538 2240 3574 esse
2260 3519 2511 3593 potuisse.
2528 3518 2697 3573 Hann-

705 3611 916 3665 cerent‚
955 3600 1159 3653 etiamsi
1202 3601 1464 3654 referrent
1502 3608 1625 3672 quae‘
1650 3600 1730 3653 vi·
1908 3606 1995 3664 14.
2052 3602 2215 3669 Quum
2266 3605 2321 3653 in
2372 3600 2663 3671 Hispaniam
2706 3594 2813 3647 mvi·

707 3675 933 3743 dissent,
961 3691 1013 3731 et
1041 3692 1186 3733 certo
1221 3681 1413 3733 scirent
1429 3720 1446 3745 ‚
1473 3699 1533 3733 ea
1556 3692 1731 3733 tamen
1816 3692 1959 3750 garet
1984 3720 2001 3743 ‚
2056 3681 2181 3733 unde
2216 3698 2321 3733 cum
2372 3680 2627 3751 triumpho.
2666 3676 2811 3739 Quem

705 3758 880 3819 ἠθικῶς
913 3757 1012 3811 sibi
1045 3758 1248 3824 videri,
1295 3762 1607 3831 νομίζισθαι,
1642 3756 1733 3813 δο·
1821 3760 2007 3813 Livius
2038 3758 2290 3813 describit
2320 3760 2414 3813 lib.
2450 3758 2812 3823 xxxlvfflag·

708 3840 831 3899 κεῖν,
881 3836 1248 3907 loquerentur.
1288 3838 1442 3893 Idem
1485 3841 1733 3893 observa·
1824 3846 1971 3911 417:
2002 3840 2221 3902 Florus,
2249 3840 2575 3909 lib.11,cup.
2596 3856 2691 3906 ¹7⁹
2712 3846 2809 3904 1³²8·

710 3928 826 3969 tum
867 3898 972 3969 luit
995 3918 1048 3969 in
1083 3920 1581 3981 senatusconsultis,
1616 3938 1733 3990 quas
1824 3938 1895 3989 9⁰
1922 3939 1937 3970 ε
1972 3947 1995 3969 ι
2030 3919 2165 3975 Cato
2192 3919 2282 3981 ille
2308 3912 2815 3983 censorius‚cdtibe·

711 3996 785 4049 ob
823 3993 878 4048 id
911 3990 1150 4067 δόγματα.
1175 4000 1347 4053 Greci
1379 4014 1699 4053 vocaverunt
1714 4036 1733 4065 ‚
1821 3996 2007 4065 ros,id
2025 4012 2135 4063 est,
2152 3999 2320 4053 robur
2334 3998 2627 4069 Hispania,
2645 3994 2814 4063 aliquot

713 4076 769 4129 in
791 4076 1075 4148 plebiscitis
1089 4117 1106 4145 ‚
1127 4091 1181 4131 et
1203 4098 1236 4133 a
1251 4078 1521 4144 judicibus
1540 4080 1735 4135 innau-
1821 4079 2017 4150 praeliis
2048 4079 2225 4150 fregit.
2258 4104 2281 4127 ι
2310 4078 2497 4135 Han).
