2984 5009
1190 460 1270 525 C.
1331 456 1674 525 PLINll
1729 457 1948 525 NAT.
2007 456 2263 524 HIST.

646 591 867 663 Graeci
898 588 1035 659 duo
1072 613 1317 683 genera
1343 588 1486 682 ejus
1518 573 1775 659 fecere⁶
1801 614 1818 656 ε
1844 586 2113 685 longam
2133 638 2152 673 ‚
2177 586 2464 661 enodem
2491 587 2778 661 :alteram

644 698 953 779 brevem,
1001 696 1344 765 duriorem
1362 746 1382 779 ‚
1422 695 1916 790 fuscioremque
1935 694 1985 783 ⁷,
2035 693 2278 768 laureis
2322 694 2516 767 foliis.
2558 698 2778 767 Bume-

644 803 799 875 liam
820 790 1105 875 ''vocant
1122 805 1193 873 in
1220 802 1625 873 Macedonia
1653 802 2162 899 amplissimam,
2184 802 2778 899 lentissinmnque⁹.

642 910 773 986 Alii
800 914 931 985 situ
959 911 1263 983 divisere.
1298 912 1760 1005 Campestrem
1801 912 1982 981 enim
2023 934 2166 981 esse
2209 910 2586 1005 crispans,
2611 936 2780 981 mon·

644 1032 871 1089 tanam
904 1020 1205 1139 spissam.
1248 1016 1431 1088 Folia
1468 1042 1700 1089 earum
1725 1016 2052 1111 jumentis
2093 1014 2502 1090 mortifer-21¹⁸
2511 1021 2780 1104 ‚caeteris

576 1158 605 1189 2
644 1128 1127 1197 ruminantium
1159 1127 1485 1213 innocua,
1527 1127 1747 1207 Graeci
1779 1122 2198 1219 prodidere¹²
2207 1128 2340 1194 .In
2377 1072 2630 1198 Italiass
2633 1180 2654 1211 ‚
2675 1150 2780 1195 nec

636 1234 961 1328 jumentis
1002 1247 1267 1303 nocent.
1314 1234 1573 1303 Contra
1616 1246 1960 1328 serpentes
1977 1218 2024 1263 ¹⁴
2053 1256 2219 1303 vero
2260 1257 2464 1303 succo
2495 1256 2778 1327 expresso

644 1340 731 1417 ad
764 1356 1040 1435 potum,
1064 1355 1132 1411 et
1164 1341 1481 1435 imposita
1506 1338 1932 1426 hulceribus,
1965 1339 2258 1435 opifera,
2285 1364 2366 1409 ac
2389 1338 2555 1409 nihil
2582 1364 2776 1433 aeque,

646 1449 1089 1541 reperiuntur.
1117 1450 1466 1543 Tantaque
1502 1461 1603 1516 est
1624 1432 1788 1517 vis¹⁵
1804 1499 1825 1535 ,
1869 1461 1947 1515 ut
1975 1472 2062 1517 ne
2104 1448 2464 1517 matutinas
2501 1446 2776 1543 quidem,

645 1554 1109 1627 occidentesve
1164 1554 1439 1625 umbras
1497 1555 1806 1657 quamvis
1853 1555 1990 1627 sint
2039 1552 2480 1650 longissimis,
2533 1578 2775 1649 serpens

650 456 797 529 522

644 1702 923 1773 Theophr.
953 1718 1073 1775 qum
1104 1701 1264 1755 nobis
1295 1702 1427 1755 Tax.
1452 1701 1677 1755 baccata.

604 1836 611 1847 ,
725 1784 776 1835 6.
816 1780 985 1837 Groeei
1014 1780 1113 1837 duo
1148 1802 1330 1853 genera
1366 1783 1470 1853 ejus
1498 1782 1678 1849 ficere.

643 1862 920 1937 Theophr.
941 1860 1165 1915 totidem
1187 1863 1364 1916 verbis
1379 1901 1395 1927 ,
1419 1860 1558 1916 Hist.
1585 1863 1678 1917 lib.

644 1942 759 2011 111,
786 1962 905 2015 cap.
961 1959 1052 1994 11.
1090 1942 1271 1996 [hun.

728 2042 782 2095 7.
805 2022 1187 2095 Fuscioremque.
1211 2024 1293 2076 Ita
1312 2022 1439 2075 libri
1463 2040 1678 2076 omnes:

642 2114 699 2157 at
722 2102 1081 2175 Theophrast.
1091 2104 1369 2174 stac-iorem,
1393 2105 1679 2175 ξανθοτέρα.

646 2182 808 2237 Forte
832 2183 955 2237 Itali
982 2183 1101 2237 caeli
1128 2183 1295 2237 solive
1331 2197 1528 2239 natura
1557 2203 1678 2237 mu-

646 2274 788 2319 tatus
814 2263 981 2319 colos.
1006 2260 1190 2317 Hum.

728 2348 782 2399 8.
823 2343 1115 2399 Bumeliam.
1172 2344 1472 2417 Βουμιλίαν,
1515 2363 1680 2416 quam

636 2426 891 2493 fraxinum
906 2422 1131 2477 bubulam
1146 2426 1306 2479 vertit
1318 2424 1481 2481 Gaza.
1499 2424 1680 2492 Forte,

646 2503 795 2579 quod
821 2505 1015 2559 fraxini
1054 2504 1183 2558 solia
1213 2504 1283 2559 ad
1309 2506 1475 2559 boum
1509 2506 1680 2577 pabu-

642 2586 760 2639 lum
785 2597 1153 2656 reponuntur,
1181 2584 1254 2639 ita
1284 2584 1552 2659 prodente
1572 2586 1681 2639 Co·

1771 1720 1896 1756 cum
1915 1702 2110 1757 ulmeis
2129 1742 2144 1767 ,
2167 1702 2526 1775 populeisque
2545 1715 2774 1756 autumno

1769 1795 2126 1857 reponuntur.
2145 1780 2322 1837 Hm).

1859 1882 1882 1916 ι
1896 1870 1948 1927 4.
1985 1862 2174 1916 Contra
2199 1875 2455 1935 serpentes.
2499 1858 2772 1917 Dioscorid.

1771 1942 1868 1997 lib.
1901 1944 1957 2010 1,
2005 1962 2123 2015 cap.
2168 1946 2307 2009 108,
2359 1944 2471 2015 περὶ
2497 1944 2694 2015 naxiae,
2726 1941 2774 1993 de

1756 2024 1985 2093 fraxino.
1980 2044 1993 2055 ·
2016 2030 2126 2077 Τῶν
2157 2026 2343 2095 φύλλων
2367 2026 2391 2077 ὁ
2418 2026 2588 2093 χυλὸς,
2610 2024 2686 2075 καὶ
2702 2022 2773 2074 αὖ·

1767 2104 1837 2157 τὰ
1860 2126 1946 2159 συν
1967 2106 2078 2175 οἴνῳ
2097 2105 2364 2177 πινόμινα,
2391 2104 2479 2158 καὶ
2507 2110 2776 2159 ’caramue-

1767 2184 1994 2267 σόμινα,
2019 2180 2325 2255 ὶχιοὸἤκτοις
2365 2186 2606 2250 βοηθεῖ·
2585 2183 2774 2236 ·Folio·

1767 2284 1890 2319 rum
1917 2284 2140 2331 succus,
2187 2277 2242 2318 et
2285 2264 2416 2317 folia
2463 2264 2578 2355 ipsa
2609 2283 2639 2317 e
2669 2264 2774 2316 vino

1767 2359 1924 2417 pota,
1954 2358 2117 2417 atque
2143 2344 2305 2399 etiam
2339 2344 2618 2417 imposita,
2651 2344 2774 2415 vipe-

1767 2444 1949 2479 rarum
1975 2426 2243 2479 morsibus
2263 2424 2662 2499 opitulantur.
2641 2422 2770 2475 Th.

1767 2504 2102 2573 Priscianus,
2122 2506 2218 2559 lib.
2243 2506 2301 2573 1,
2319 2524 2367 2560 c.
2391 2525 2490 2571 ιι,
2537 2504 2606 2559 de
2637 2522 2772 2577 apum

1769 2588 2106 2659 percussibus
2125 2627 2141 2653 ,
2173 2586 2259 2639 vel
2287 2586 2632 2657 scorpionum
2652 2624 2668 2651 ,
2692 2602 2774 2638 ce·

644 2666 884 2723 lamella,
907 2664 1006 2720 lib.
1028 2666 1139 2730 VI,
1168 2684 1289 2739 cap.
1320 2667 1373 2720 3.
1408 2666 1524 2740 Ego
1548 2684 1680 2720 vero

632 2748 890 2814 fraxinum
904 2764 1131 2816 magnam
1145 2746 1400 2800 libentius
1414 2744 1644 2799 dixerim
1661 2766 1677 2801 ι

644 2824 793 2899 quod
836 2826 894 2879 in
926 2826 1409 2901 compositionibus
1458 2826 1674 2899 praefixa

644 2906 853 2962 nomini
875 2922 935 2959 ea
962 2906 1155 2959 vocula
1178 2907 1267 2973 βου
1284 2944 1300 2969 ,
1318 2905 1675 2979 significatum

646 2988 760 3059 ejus
772 2986 920 3039 vocis
932 2999 1119 3057 auget,
1137 2998 1200 3038 ut
1222 2986 1281 3039 in
1295 2987 1588 3053 flouosstvov.
1603 2988 1676 3041 H.

730 3087 782 3135 9.
842 3066 1281 3139 Lenta'ssae’mamque.
1312 3068 1582 3120 Teneram
1616 3088 1678 3123 ac

644 3144 955 3201 flexibilem.
989 3146 1066 3199 Ut
1109 3147 1241 3199 tenea
1278 3147 1411 3201 salix
1447 3148 1676 3226 Virgilio

646 3224 864 3283 dicitur.
898 3224 1083 3278 Han.

734 3326 816 3361 10.
844 3306 1167 3377 Campestrem
1189 3311 1312 3361 enim
1333 3328 1433 3360 esse
1449 3312 1676 3379 crispam.

645 3387 895 3459 Theoph.
928 3386 1128 3443 Histor.
1158 3389 1255 3441 lib.
1280 3388 1366 3441 111
1386 3429 1403 3452 ,
1435 3406 1552 3463 cap.
1583 3408 1674 3461 17.

733 3487 755 3521 ι
773 3488 795 3522 ι
807 3508 821 3521 .
840 3466 1078 3521 lumen-‘is
1097 3469 1364 3536 mortifitra.
1378 3466 1444 3521 Id
1458 3488 1676 3543 quoque

645 3546 715 3602 de
735 3560 855 3601 taxo
880 3548 1297 3621 Theophrastus.
1330 3550 1535 3604 Diuo.

734 3647 756 3681 ι
772 3648 821 3679 2.
856 3626 1026 3681 Groeci
1042 3629 1317 3699 prodidere.
1349 3629 1598 3695 Quorum
1617 3630 1676 3683 in

644 3707 795 3763 libris
822 3726 1014 3761 vereor
1038 3728 1109 3762 ne
1136 3710 1306 3781 μελίαν
1350 3708 1546 3763 iterum
1573 3730 1676 3785 pro

644 3789 798 3859 μίλῳ,
827 3788 931 3841 hoc
958 3800 1037 3842 est
1054 3823 1071 3849 ‚
1114 3810 1219 3863 pro
1250 3802 1375 3843 taxo
1404 3790 1674 3844 fraxinum

644 3866 851 3941 legerit.
888 3869 968 3921 De
998 3868 1049 3921 vi
1092 3870 1197 3923 taxi
1242 3884 1505 3935 venenata
1535 3868 1676 3925 dixi-

648 3967 801 4009 mus,
828 3966 946 4020 cap.
980 3967 1068 4003 20.
1102 3950 1283 4005 unm.

735 4030 826 4083 13.
850 4028 913 4081 In
942 4028 1111 4084 Italia.
1152 4030 1331 4089 Etiam
1371 4033 1540 4085 boum
1583 4052 1678 4103 pa·-

646 4109 781 4183 bulo
791 4147 809 4176 ,
826 4122 887 4163 ut
900 4107 1151 4177 diximus,
1168 4109 1420 4165 fraxineae
1436 4110 1678 4179 frondes,

1767 2678 2116 2739 term-umque
2133 2679 2447 2738 serpentum
2468 2668 2588 2719 :·Et
2609 2662 2773 2719 fraxini

1771 2746 1898 2800 folia
1918 2754 2056 2801 cum‘
2073 2750 2204 2800 vino
2231 2747 2354 2801 trita
2373 2784 2390 2811 ,
2431 2746 2640 2800 bibenti
2667 2744 2770 2798 dan·

1769 2838 1880 2881 tur.
1907 2852 1930 2873 ι
1957 2826 2142 2881 Halm.

1855 2907 1946 2963 ιδ.
1982 2908 2236 2981 Tantaque
2271 2918 2345 2959 est
2367 2910 2478 2973 vis,
2507 2919 2562 2959 ut
2599 2926 2654 2958 ae
2687 2923 2768 2955 m·

1767 2992 1950 3040 turmas
1995 2988 2186 3063 quidem
2238 2987 2564 3041 occidentesve
2605 2986 2770 3041 umbus

1765 3088 1910 3143 quam
1925 3082 2038 3121 suae
2057 3070 2348 3139 longissimoe
2363 3106 2380 3135 ,
2406 3088 2600 3139 serpens
2615 3066 2769 3117 arba-in

1764 3152 1868 3217 ejus
1889 3152 2123 3219 attingat.
2154 3148 2338 3203 verba
2365 3161 2566 3201 temere
2587 3160 2636 3204 et
2659 3148 2769 3199 inor-

1765 3226 1946 3283 dinate
1973 3228 2146 3303 posita
2178 3248 2191 3279 τ
2218 3226 2474 3282 videntur
2515 3228 2659 3281 enim
2687 3226 2767 3277 hoc

1764 3308 1931 3363 modo
1976 3328 2089 3363 esse
2136 3306 2362 3380 legenda
2393 3348 2411 3373 ,
2463 3335 2486 3357 ι
2522 3308 2767 3377 Tam-qne

1764 3403 1842 3443 est
1869 3389 1980 3457 vis,
2017 3402 2082 3443 ut
2119 3409 2190 3443 ne
2238 3388 2532 3443 matutinas
2575 3384 2764 3459 quidem

1762 3468 2136 3523 occidentesve
2165 3470 2384 3523 umbras
2420 3468 2625 3523 arboris
2653 3470 2763 3537 ejus.

1762 3569 1936 3622 quum
1963 3561 2088 3603 sunt
2109 3548 2452 3621 longissimo,
2478 3568 2682 3621 serpens
2701 3556 2763 3597 at·

1763 3632 1998 3703 tingat.·
1975 3624 2191 3683 spur-r.
2211 3661 2292 3671 —-
2312 3630 2584 3705 Tantaque.
2607 3622 2761 3681 Simile

1764 3723 1844 3763 est
1871 3706 2020 3783 qnod
2053 3709 2122 3763 de
2146 3711 2306 3781 σιιίλῳ
2337 3708 2680 3765 Callimachus
2699 3702 2760 3757 ⁸5·

1765 3790 1872 3844 fert
1905 3788 2052 3863 apud
2095 3791 2402 3859 AElianum,
2433 3792 2569 3845 Hist.
2609 3785 2757 3841 Anim

1763 3871 1998 3936 lib.1x,
2038 3890 2152 3945 cap.
2192 3891 2282 3943 27,
2313 3886 2374 3927 ιιι
2415 3874 2550 3945 μίλον
2571 3883 2756 3925 rursum

1767 3970 1868 4026 pro
1895 3953 2042 4027 μιλίᾳ
2083 3951 2346 4025 accepisse
2376 3953 2578 4005 Plinius
2613 3944 2754 4001 videri

1767 4034 1963 4104 possit,
1979 4032 2086 4087 boc
2103 4046 2208 4097 est,
2230 4045 2413 4087 taxum
2433 4052 2553 4087 cum
2575 4026 2754 4083 fraxino

1768 4112 2091 4167 confudisse.
2117 4108 2298 4165 Ηιιι).
