2984 5009
841 442 847 451 ·
898 452 1218 523 LIBER
1287 454 1509 521 x111.
2124 449 2273 549 159

193 598 416 678 ρωποι
441 597 670 655 contra
697 586 1096 679 aspergines.
1135 570 1672 655 Procerioribus⁶
1694 582 1857 653 silva
1874 634 1895 665 ,
1922 580 2159 653 arbore
2192 610 2273 655 ex
2314 616 2341 648 α

191 694 304 784 ipsa
329 688 612 759 foliorum
645 689 878 760 aculeo
897 690 1250 761 fruticante
1277 694 1456 761 circa
1481 706 1655 760 totas
1682 690 2094 784 pectinatim,
2112 714 2278 785 quas

68 792 71 883 ἶ
187 795 474 867 silvestres
491 794 762 891 intelligi
787 820 1054 867 necesse
1075 812 1192 867 est.
1217 797 1518 867 Incerta⁷
1542 812 1767 866 tamen
1790 794 2056 865 libidine
2076 798 2275 866 etiam

68 896 71 963 ἕ
185 903 510 971 mitioribus
567 926 636 971 sc
697 903 998 973 miscent.
1057 889 1389 999 Beliquae⁸
1435 918 1675 972 teretes
1710 916 1907 995 atque
1949 926 2276 996 procerte,

68 1024 70 1059 ῒ
182 1008 364 1077 densis
398 1008 846 1103 gradatisqne⁹
879 1010 1198 1079 corticum
1243 1008 1624 1105 pollicibus,
1659 1021 1737 1076 ut
1768 1008 2072 1093 orbibus,
2115 1008 2275 1078 faci-

68 1106 70 1121 '
181 1112 338 1183 lesse
359 1114 440 1183 ad
472 1114 925 1185 scandendum
961 1117 1254 1185 Orientis
1290 1113 1551 1212 populis
1588 1114 1915 1211 praebent,
1952 1112 2201 1183 vitilem
2229 1113 2277 1137 ¹⁰

68 1378 71 1417 ³
178 1392 500 1463 applicantur,
562 1390 949 1465 adrepuntque.
1009 1393 1152 1448 Galli

174 1470 344 1535 dicunt,
367 1492 422 1523 en
449 1473 664 1525 escals‘er.
685 1472 864 1525 Hsnn.

234 1556 282 1605 6.
320 1552 688 1605 procerioribus.
736 1552 876 1605 Sunt
907 1570 938 1605 e
967 1570 1153 1623 proce·

170 1632 344 1683 riorum
401 1632 702 1703 palmarum
755 1650 950 1704 genere
1008 1632 1152 1685 silrae

68 1766 70 1779 Ι
169 1710 374 1781 ingentes
394 1732 410 1765 :
431 1714 586 1782 cujus
614 1710 741 1763 folia
765 1712 998 1765 aculeata
1014 1750 1030 1777 ‚
1065 1730 1152 1783 pe·

168 1790 478 1863 etinatimqne
497 1790 753 1863 disposita
773 1804 896 1845 sunt
911 1832 927 1857 ‚
948 1810 1013 1845 ex
1036 1792 1152 1863 ipso

165 1871 340 1923 arboris
392 1869 612 1925 caudice
671 1870 1022 1942 prodeuntia,
1078 1872 1154 1925 ita

167 1948 300 2018 plane
343 1962 404 2003 nt
447 1963 618 2005 totam
662 1950 905 2003 arborem
935 1952 1004 2005 ab
1042 1950 1156 2003 imo

167 2040 329 2083 trunco
353 2028 420 2082 ad
441 2048 698 2085 cacumen
724 2031 980 2085 ambiant.
1001 2031 1072 2084 Η.

231 2110 495 2177 pulmenta.
541 2110 633 2163 Sic
661 2110 814 2163 MSS.
853 2128 1068 2176 omnes,
1100 2122 1156 2162 et

165 2184 294 2240 editi.
340 2190 442 2241 Alii
491 2194 675 2243 incesta
719 2190 926 2242 malunt
944 2230 959 2253 ,
1004 2185 1151 2260 quasi

165 2277 461 2339 μεταφορικῶς
490 2269 796 2323 sceleratam
827 2288 944 2321 earn
975 2268 1156 2321 libidi-

166 2363 266 2398 nem
283 2350 525 2420 appellet,
537 2368 642 2420 qua
661 2366 715 2401 se
729 2348 921 2401 mitiori
939 2350 1157 2421 copulet

163 2426 298 2478 arbor
321 2429 586 2501 silvestris·-
613 2426 797 2481 Han.

231 2508 276 2559 8.
299 2508 512 2579 Reliqua·
548 2521 716 2559 teretes
744 2520 889 2579 atque
911 2526 1156 2579 procerte,

162 2582 294 2636 dmin
311 2588 627 2658 gradatisque
653 2590 877 2639 corticum
897 2586 1155 2657 pollicibus

161 2666 416 2719 maribus
439 2668 624 2733 faciles
651 2686 704 2718 se
728 2667 800 2718 ad
832 2662 1154 2719 secedendum

165 2742 350 2797 Ocima
371 2746 568 2818 populis
593 2746 840 2819 prebent,
872 2758 975 2799 etc.
1011 2746 1152 2799 Plin.

154 2822 328 2888 psffim
366 2831 604 2879 auctiores
640 2840 822 2892 vocat,
861 2838 1155 2897 amputato·

157 2918 264 2954 rum
285 2906 362 2957 vel
385 2900 745 2960 decidentium
774 2924 1044 2959 ramorum
1069 2924 1156 2957 re·

157 2980 326 3051 liquiss
375 2986 668 3039 eminentes
727 2998 780 3039 et
837 3004 900 3038 ex
957 2986 1155 3039 cortice

157 3064 566 3131 protuberantes,
605 3077 665 3117 ut
705 3065 880 3136 pollex
920 3078 1154 3119 exsertus

157 3156 212 3191 ex
231 3158 396 3197 mann.
417 3142 482 3197 Id
505 3144 696 3216 gallice
715 3142 940 3197 dicimus
957 3145 1153 3197 chicots.

157 3216 300 3273 Hune
319 3223 471 3277 Plinii
489 3226 672 3277 locum
691 3242 816 3277 sane
828 3224 1152 3277 salebrosum

155 3310 202 3349 et
223 3300 526 3357 mendosum
554 3305 626 3356 ita
665 3301 863 3356 debere
889 3304 991 3375 legi
1024 3322 1156 3356 con-

155 3378 314 3433 tendit
337 3382 639 3447 Salmasius,
686 3408 710 3429 α
729 3384 913 3435 utilem
945 3383 1045 3435 sibi
1068 3402 1154 3435 ar·

153 3456 360 3530 boi-ique
389 3461 626 3516 inductis
655 3462 932 3515 circulum.
963 3488 985 3509 n
1022 3463 1157 3527 Qun

153 3536 297 3591 lectio
325 3542 448 3594 mihi
477 3541 697 3595 videtur
733 3539 936 3613 aliquid
960 3541 1156 3595 habere

149 3616 496 3688 thuin-ditatis,
545 3640 666 3694 qua,
723 3622 865 3674 enim
930 3622 1158 3675 utilitate

149 3696 282 3751 affici
335 3713 499 3768 potest
541 3702 704 3754 arbor
759 3700 853 3753 tali
906 3701 1108 3753 circtilo
1131 3694 1158 3749 P

147 3774 252 3845 Ego
303 3778 458 3847 igitur
513 3778 729 3851 pridem
793 3782 852 3833 in
921 3780 1158 3852 margine

147 3857 304 3909 nostri
329 3858 475 3912 Plinii
499 3859 701 3913 codicis
722 3856 1155 3927 emendaveram,

152 3958 175 3979 ο
199 3936 399 3989 vitilem
447 3940 545 3992 sibi
603 3940 890 4011 arborique
959 3938 1159 3993 indutis

145 4013 402 4069 circulum
422 4060 434 4081 ,
464 4045 486 4065 n
532 4032 586 4073 et
616 4020 686 4073 ita
718 4037 1026 4074 censueram
1057 4020 1161 4091 legi

145 4091 374 4161 debere,
408 4100 587 4153 doctus
631 4118 661 4151 a
714 4097 946 4170 quodam
989 4100 1160 4155 nobili

1239 1394 1507 1447 navarcho
1562 1391 1631 1445 de
1688 1388 1857 1445 modo
1922 1411 2031 1463 quo
2085 1392 2272 1446 incolas

1240 1474 1531 1545 palmiferae
1558 1472 1790 1543 regionis
1823 1472 1879 1523 in
1913 1471 2098 1528 Africa
2137 1474 2269 1525 cele-

1240 1554 1371 1606 riter
1424 1570 1549 1605 cum
1613 1569 1710 1605 suo
1763 1550 1962 1605 circulo
2010 1550 2271 1605 scandunt

1242 1632 1467 1687 excelsas
1485 1632 1782 1702 palmarum
1805 1632 2046 1685 arbores:
2074 1632 2273 1686 scilicet

1241 1711 1476 1765 induunt
1511 1731 1566 1764 se
1614 1730 1719 1764 una
1765 1730 1887 1763 cum
1930 1712 2122 1765 arbore
2159 1712 2273 1783 ipsa

1239 1792 1442 1845 circulo
1471 1811 1501 1845 e
1531 1792 1670 1845 vitili
1698 1791 1843 1863 ligno
1869 1791 2010 1843 facto
2031 1830 2047 1855 ‚
2084 1804 2137 1844 et
2176 1810 2272 1863 pe-

1240 1870 1398 1925 dibus
1423 1871 1479 1923 in
1509 1872 1713 1924 arboris
1740 1870 2025 1941 pollicibus
2051 1870 2154 1922 illis
2186 1871 2271 1922 ni·

1240 1964 1446 2015 tentes,
1484 1964 1539 2004 et
1582 1951 1780 2004 lumbis
1821 1950 2022 2003 circulo
2064 1948 2269 2013 innixi,

1243 2030 1487 2083 manibus
1533 2048 1664 2083 vero
1711 2030 1965 2084 ambabus
2013 2029 2271 2083 circulum

1240 2109 1501 2182 gradatim
1517 2148 1533 2174 ‚
1558 2122 1611 2163 et
1638 2108 1918 2162 subsultim
1945 2108 2267 2172 attollentes,

1243 2188 1517 2243 celerrime
1558 2206 1728 2260 usque
1772 2186 1839 2241 ad
1876 2188 2082 2241 arboris
2126 2206 2271 2240 sum·

1241 2288 1417 2335 mum,
1457 2268 1549 2320 ubi
1600 2280 1726 2321 sunt
1770 2267 1905 2320 rami
1936 2278 1991 2318 et
2026 2268 2230 2320 fructus
2255 2305 2270 2332 ,

1241 2348 1535 2414 scandunt;
1556 2347 1611 2400 id
1644 2364 1783 2419 soepe
1808 2347 2080 2409 facientes,
2108 2359 2168 2400 ut
2194 2346 2271 2400 la-

1241 2447 1400 2499 genas
1451 2445 1571 2480 suas
1619 2428 1781 2481 ramis
1826 2426 2037 2479 succisis
2077 2443 2275 2497 appen-

1237 2506 1398 2571 dant,
1439 2508 1527 2559 vel
1560 2526 1645 2560 eas
1685 2509 1870 2579 plenas
1910 2505 2034 2558 vino
2062 2504 2270 2577 palmeo

1240 2598 1537 2659 reportent.
1585 2586 1839 2641 Pruna.
1879 2584 2161 2639 Exercitat.
2202 2582 2271 2638 ad

1239 2666 1467 2720 Luciani
1487 2678 1623 2719 tom.
1646 2667 1755 2733 111,
1778 2683 1897 2738 pag.
1925 2663 2055 2735 573.
2264 2668 2273 2677 '

1325 2766 1378 2817 9.
1399 2745 1743 2818 Credatis-que.
1755 2744 2033 2799 Gradatim
2052 2742 2272 2797 adscen-

1239 2824 1525 2879 dentibus:
1570 2824 1758 2879 iisdem
1814 2824 1975 2879 simul
2024 2826 2272 2877 arborem

1241 2904 1817 2960 circumambientibus.
1854 2901 2079 2957 Pollices
2117 2916 2273 2957 vocat

1240 2986 1456 3039 crebros
1489 2984 1659 3037 veluti
1698 3002 1903 3055 ungues
1946 2994 2273 3054 squamatos,

1240 3064 1333 3137 qui
1361 3083 1459 3136 per
1483 3065 1735 3118 corticem
1756 3062 1989 3117 caudicis
2008 3062 2271 3134 gradatim

1239 3142 1614 3217 disponuntur.
1648 3132 1790 3195 V'ide
1830 3143 2020 3215 palmo
2062 3142 2269 3195 iconem

1240 3223 1384 3296 apud
1397 3224 1677 3277 Lobelium
1696 3263 1713 3287 ,
1740 3242 1861 3294 pag.
1884 3222 2016 3293 637,
2048 3233 2101 3275 et
2123 3220 2271 3293 apud

1240 3302 1453 3358 Dodon.
1473 3322 1596 3374 pag.
1621 3306 1749 3373 807.
1770 3302 1951 3356 Han.

1327 3403 1350 3437 1
1361 3403 1412 3437 o.
1431 3384 1651 3436 Virilem.
1668 3379 1908 3435 Induunt
1927 3400 2057 3444 sese,
2078 3380 2271 3452 inquit,

1242 3462 1479 3516 Orientis
1504 3462 1721 3533 populi,
1756 3480 1861 3513 una
1889 3479 2011 3513 cum
2040 3461 2151 3531 ipsa
2179 3479 2269 3513 ar·

1239 3544 1404 3608 bore,
1451 3542 1712 3595 circulum
1758 3540 2098 3593 vimineum:
2154 3551 2271 3593 tum

1239 3620 1378 3694 pede
1403 3622 1650 3674 nituntur
1670 3620 1727 3670 in
1744 3618 1995 3671 arborum
2020 3618 2271 3688 pollices,

1242 3700 1310 3753 tle
1364 3702 1560 3772 quibus
1615 3697 1859 3769 proxime
1906 3696 2111 3751 dictum
2157 3711 2271 3753 est:

1243 3782 1487 3834 manibus
1535 3778 1832 3838 circulum,
1875 3778 1964 3831 cui
2012 3776 2273 3845 insident,

1245 3856 1505 3933 gradatim
1548 3879 1608 3912 ac
1650 3858 1931 3912 subsultim
1979 3858 2264 3913 attollunt:

1245 3940 1320 3991 sic
1348 3958 1515 4011 nsque
1548 3937 1613 3993 ad
1648 3950 1855 4011 partem
1891 3956 2007 3991 eam
2041 3940 2273 4001 arboris,

1245 4020 1337 4073 ubi
1384 4032 1508 4072 sunt
1552 4018 1688 4072 rami
1732 4018 2071 4089 fructusque,
2116 4019 2274 4072 celer-

1245 4098 1381 4153 rime
1407 4098 1960 4154 scandunt.—Face'les
1976 4136 1991 4163 ,
2011 4110 2111 4151 etc.
2136 4096 2275 4149 Mira
