2984 5009
527 494 654 599 C.
709 494 1186 613 PLINII
1260 495 1933 606 SECUNDI

215 768 1230 899 NATURALIS
1295 770 2239 906 HISTORIAE

889 1052 1275 1139 LIBER
1351 1052 1565 1139 xv.

187 1497 230 1563 1.
281 1449 632 1571 Θεῷ-,ΑΠ’
653 1494 1152 1591 Theophrastus
1196 1524 1233 1567 e
1271 1496 1715 1567 celeberrimis
1743 1500 2133 1571 Graecorum
2172 1528 2297 1573 au·
2342 1538 2363 1571 1

186 1603 454 1675 ctoribus
473 1656 496 1690 ‚
537 1602 720 1673 urbis
777 1605 1008 1673 Romae
1079 1628 1256 1674 anno
1311 1606 1575 1675 circiter
1642 1628 1907 1677 ccccxt.
1940 1660 1961 1694 ‚
2034 1614 2301 1705 negavit

185 1709 290 1778 nisi
329 1713 501 1779 intra
557 1708 690 1780 xL²
747 1709 947 1778 millia
987 1733 1303 1805 passuum
1341 1735 1380 1779 a
1436 1712 1607 1779 mari
1650 1714 1884 1781 nasci:
1932 1716 2299 1787 Fenestella

184 1838 322 1885 vero
355 1818 632 1887 omnino
665 1840 802 1884 non
825 1815 1074 1885 fuisse
1057 1842 1122 1883 m
1157 1816 1382 1903 ltalia,
1411 1818 1767 1912 Hispania,
1796 1833 2001 1913 atque
2031 1822 2299 1907 Africa,

183 1922 518 2062 Tarquinio
588 1906 854 1993 Prisco³
913 1938 1266 2018 regnante,
1323 1922 1410 1993 ab
1465 1925 1653 1993 annis
1727 1924 1961 2019 populi
2037 1932 2298 1999 romani

184 2017 476 2101 (ιωιιιη4
495 2084 516 2118 ,
587 2052 736 2124 quae
785 2052 963 2097 nunc
1024 2032 1326 2125 pervenit
1379 2044 1561 2099 trans
1612 2028 1811 2123 Alpes
1856 2056 2163 2127 quoque,
2232 2050 2299 2105 et

247 2232 287 2285 l.
349 2252 398 2285 1.
483 2230 676 2285 Oleum.
751 2230 879 2285 Olea
933 2232 986 2285 F
959 2252 1180 2301 umpoea

183 2306 364 2371 (Biand-
375 2332 564 2382 monog.
588 2330 706 2382 gen.
729 2313 830 2383 37,
845 2312 988 2365 Pers.
1007 2312 1184 2365 Jasmi·

181 2409 293 2457 m,
314 2392 452 2447 Juss.
468 2382 511 2459 ).
541 2394 734 2445 Decem
779 2404 834 2445 et
871 2404 993 2445 octo
1019 2392 1182 2445 varie-

183 2480 290 2524 tates
314 2473 442 2524 olea
471 2484 812 2525 recensentur
845 2464 1178 2541 (Dumml.‚

181 2560 292 2603 tom.
319 2554 402 2617 11,
445 2571 568 2623 pag.
609 2554 680 2622 57
713 2548 954 2623 seqq.)‚
939 2570 996 2603 m
1021 2550 1180 2605 variis

181 2628 384 2705 Europe
403 2630 729 2685 australioris
747 2631 1050 2701 regionibus
1073 2630 1180 2683 cul-

179 2718 246 2761 τε.
287 2710 389 2765 En.
416 2741 500 2751 -—-
549 2709 860 2763 CCCCXL.
913 2710 1000 2763 sic
1051 2709 1178 2763 libri

179 2806 340 2843 omnes
359 2790 522 2843 etiam
547 2788 703 2847 MSS.
729 2790 860 2860 Reg.
888 2788 1044 2842 Colb.
1068 2788 1174 2841 Th.

179 2878 272 2921 tum
295 2870 396 2923 hoc
421 2870 543 2922 loco
568 2881 739 2933 recte,
764 2880 877 2921 tum
897 2868 994 2921 lib.
1011 2866 1175 2934 xm,

179 2964 277 3019 cap.
307 2950 391 3003 30.
424 2946 728 3001 monendus
753 2948 841 3001 hic
873 2966 1034 3019 porro
1055 2948 1174 3000 obi-

178 3038 243 3081 ter
264 3028 421 3085 lector
458 3028 686 3099 poetica
724 3025 993 3081 studiosus
1011 3064 1028 3091 ,
1072 3027 1174 3080 ele·

177 3125 284 3177 gans
297 3128 404 3162 esse
417 3128 448 3161 a
463 3108 751 3161 Passer-atio
768 3126 978 3160 carmen
997 3106 1174 3178 singu·

177 3186 266 3241 lm
280 3186 343 3241 de
357 3190 500 3241 oliva
517 3186 791 3241 conditum
808 3206 892 3240 an.
915 3206 938 3239 1
953 3185 1083 3241 588.
1102 3187 1170 3240 H.

175 3266 358 3321 —Vid.
381 3270 510 3321 Exc-
525 3268 554 3319 1
575 3265 642 3320 ad
666 3266 795 3327 eale.
818 3266 930 3337 huj.
949 3265 1044 3319 lib.
1064 3266 1168 3319 En.

243 3366 288 3400 2.
310 3348 427 3401 Nisi
451 3350 582 3399 intra
617 3346 739 3399 XL.
782 3344 938 3411 Sive,
974 3357 1036 3397 nt
1068 3345 1172 3399 fert

175 3424 464 3481 Graeoerum
489 3444 764 3491 mensura,
790 3426 928 3479 intra
952 3445 1044 3479 ccc
1067 3437 1172 3479 sta·

175 3502 246 3559 dia
261 3525 288 3560 a
309 3506 440 3560 mari
457 3546 476 3572 ‚
491 3506 568 3560 sic
589 3506 729 3559 enim
750 3506 940 3558 iterum
967 3504 1173 3557 Plinius

172 3599 356 3651 nuder,
391 3586 486 3639 lib.
520 3586 683 3651 xxl,
703 3604 818 3657 cap.
847 3584 912 3637 31
935 3624 952 3649 ,
979 3585 1173 3655 quibus

173 3661 310 3721 babet
333 3665 528 3720 similia
568 3662 808 3737 quodam
853 3664 1170 3737 Theophra·

171 3756 290 3812 stus,
329 3744 470 3800 Hinc.
494 3744 576 3798 Pl.
605 3744 700 3797 lib.
723 3742 826 3809 IV,
846 3762 961 3815 cap.
993 3745 1052 3808 3,
1077 3742 1171 3795 ubi

173 3821 210 3875 iu
228 3838 394 3879 umen
424 3844 534 3878 non
561 3822 703 3877 nasci
742 3824 960 3877 omnino
998 3823 1166 3875 oleam

175 3900 285 3957 dide
311 3904 424 3957 nisi.
449 3904 589 3957 intra
627 3902 790 3959 stadia
819 3922 888 3957 xz.
931 3922 959 3954 a
997 3902 1170 3965 mari,

173 3982 252 4036 ned
264 4002 294 4036 a
311 3982 568 4037 Tliebana
585 3982 804 4057 AEgypti
823 3981 1138 4053 proefectura
1151 4017 1169 4045 ‚

177 4079 258 4115 ccc
282 4062 460 4119 stadiis
484 4063 634 4117 nuci
656 4064 752 4121 ait,
797 4062 864 4117 ab
887 4061 1039 4134 aquis
1067 4080 1177 4115 ma-

1269 2229 1399 2284 rinis
1421 2230 1875 2304 fluviatilibusque
1906 2234 2017 2285 Nili
2038 2274 2054 2301 ,
2096 2248 2158 2289 ut
2184 2238 2297 2309 ipse

1270 2310 1474 2363 Plinius
1523 2312 1629 2376 ait,
1668 2312 1761 2363 lib.
1801 2312 1967 2377 XIII,
2006 2332 2123 2386 cap.
2176 2334 2243 2387 19
2278 2357 2295 2383 ,

1268 2409 1385 2463 quoe
1406 2388 1515 2443 duo
1543 2388 1891 2445 diversissima
1913 2406 2055 2447 sunt.
2080 2394 2295 2466 Experi-

1268 2484 1450 2523 mento
1483 2489 1627 2523 nunc
1654 2483 1858 2524 constat
1892 2472 2113 2543 reperiri
2152 2474 2294 2528 olens

1267 2562 1319 2603 et
1353 2548 1410 2603 in
1451 2548 1582 2603 locis
1613 2569 1824 2621 quoqne
1852 2551 2110 2621 proximis
2136 2556 2290 2607 mari.

1266 2628 1485 2682 Cautius
1512 2630 1688 2702 itaque
1714 2630 2006 2683 Columella
2037 2670 2053 2697 ,
2096 2632 2191 2687 lib.
2218 2635 2291 2699 V,

1262 2712 1427 2781 cap.8
1446 2745 1463 2773 ‚
1496 2728 1614 2781 pag.
1644 2716 1753 2777 194
1777 2728 1791 2762 :
1825 2736 1848 2757 ι
1872 2708 2021 2763 Hanc
2042 2710 2286 2767 arborem

1260 2788 1505 2860 plerique
1520 2789 1817 2845 existimant
1828 2788 1965 2842 ultra
1983 2791 2283 2847 milliarium

1260 2884 1330 2921 Lx
1369 2864 1390 2931 (
1420 2868 1557 2921 forte
1584 2864 1685 2931 xz.)
1715 2888 1746 2921 a
1768 2867 1899 2923 mari
1920 2908 1936 2937 ,
1970 2884 2191 2926 autnon
2214 2874 2286 2926 vi-

1259 2966 1406 3012 vere,
1435 2960 1526 3001 aut
1546 2968 1655 3000 non
1676 2968 1787 3002 esse
1810 2948 2056 3003 feracem.
2087 2948 2193 3005 Sed
2224 2954 2279 3006 in
2360 2953 2365 2962 “

1259 3026 1577 3099 quibusdam
1609 3026 1739 3081 locis
1765 3040 1906 3082 recte
1934 3028 2093 3085 valet.
2120 3056 2142 3077 ι·
2172 3030 2239 3085 Η.

1343 3104 1396 3159 3.
1460 3108 1510 3159 T
1506 3110 1727 3181 arqm'm’o
1774 3106 1960 3161 Prisco.
2010 3108 2105 3164 Est
2146 3110 2281 3165 illud

1257 3205 1368 3238 non
1407 3188 1569 3240 aetatis
1606 3204 1900 3257 cognomen
1915 3225 1931 3253 ‚
1957 3186 2049 3241 sed
2074 3192 2241 3261 gentis
2262 3230 2279 3257 ‚

1257 3266 1470 3337 Πρίσκος
1515 3284 1528 3318 :
1577 3284 1607 3318 e
1658 3284 1761 3337 qua
1801 3279 1996 3337 praeter
2042 3268 2173 3321 alios
2224 3283 2278 3323 et

1256 3344 1433 3398 Prisca
1449 3384 1466 3410 ‚
1488 3356 1541 3397 et
1557 3344 1790 3399 Priscilla
1806 3383 1822 3410 ,
1844 3346 1903 3397 in
1928 3345 2075 3398 libris
2089 3348 2274 3413 sacris,

1256 3438 1307 3477 et
1335 3424 1388 3476 in
1417 3424 1650 3476 nummis
1678 3424 1876 3477 Graecis
1897 3462 1913 3489 ,
1944 3428 2234 3479 nplcxoc
2257 3448 2271 3479 :

1256 3518 1312 3558 et
1331 3504 1388 3555 in
1414 3502 1647 3569 Latinis,
1673 3522 1885 3556 ratscvs
1902 3522 2132 3558 rra-aus
2158 3522 2206 3558 ι».
2226 3524 2274 3559 r.

1259 3600 1380 3637 nc.
1413 3582 1597 3637 Ham).

1341 3668 1395 3726 4.
1431 3662 1614 3734 Populi
1649 3681 1768 3714 rom.
1802 3660 2113 3717 CLXXIII.
2146 3664 2275 3719 Per-

1257 3762 1440 3815 peram
1469 3741 1590 3796 cod.
1629 3742 1760 3811 neg.
1802 3759 1823 3793 1
1866 3754 1920 3794 et
1945 3740 2071 3795 edit.
2102 3744 2273 3815 princ.

1264 3821 1648 3886 CLXXXIII,
1688 3839 1846 3893 quam
1881 3820 2162 3875 lectionem
2194 3844 2271 3878 se-

1259 3902 1441 3975 quitur
1465 3898 1773 3953 narduinus
1796 3900 1849 3952 in
1876 3900 2035 3954 altera
2058 3921 2151 3957 sua
2170 3904 2279 3957 edi·

1261 3982 1432 4039 tione,
1453 3998 1905 4052 romanorumque
1924 3999 2106 4051 regum
2130 3984 2279 4037 chro-

1259 4061 1524 4133 nologiam
1552 4073 1745 4115 temere
1772 4060 2045 4131 pervertit.
2071 4062 2176 4115 En.
2201 4094 2278 4105 -

1900 4164 2026 4250 24²
