2984 5009
950 442 1273 511 LIBER
1322 444 1551 510 XVI.
1670 432 1679 441 ’
2175 434 2311 533 537

270 576 569 645 XXXV.
611 573 949 644 Foliorum
986 572 1252 643 unitas¹
1304 574 1377 643 in
1409 598 1532 643 suo
1577 573 1815 666 cuique
1863 596 2106 666 genere
2157 596 2309 667 per·
2361 619 2384 653 ι

174 696 438 768 manet,
490 696 947 802 praeterquam
980 679 1279 776 populo,
1337 679 1552 749 ederae
1570 732 1587 761 ,
1643 680 1949 765 crotoni,
2007 704 2206 773 quam
2250 692 2319 747 et

176 789 293 857 cici
331 786 654 860 diximus²
684 789 929 857 vocari.
962 780 1229 877 (xxm.)
1250 786 1490 883 Populi
1518 768 1681 855 tria³
1707 798 1998 881 genera:
2032 785 2218 871 alba,
2239 808 2320 855 ac

174 882 425 989 nigrafl
461 908 531 966 et
564 919 711 989 quae
747 895 1001 989 Libyca
1024 892 1437 1025 appellatus,
1461 893 1734 963 minima
1765 890 1968 980 folio,
1995 917 2073 961 ae
2101 894 2322 988 niger-

181 1002 349 1071 rima
370 1053 393 1088 ‚
466 1002 817 1097 fungisque
874 986 1367 1071 enascentibus⁵
1414 999 1886 1069 laudatissima.
1941 997 2112 1068 Alba
2167 996 2326 1068 folio

61 1134 63 1141 ·
178 1106 475 1195 bicolor,
518 1132 807 1203 superne
850 1108 1244 1198 candicans,
1284 1108 1596 1177 inferiore
1625 1120 1814 1202 parte
1835 1105 2054 1175 viridi.
2085 1089 2304 1174 Huic⁶
2305 1156 2326 1187 ,

176 1216 559 1309 nigraeque‚
602 1229 672 1284 et
702 1217 997 1302 crotoni,
1038 1213 1255 1284 folia
1235 1240 1305 1283 m
1334 1214 1615 1308 juventa
1655 1214 1986 1283 circinatae
2029 1210 2328 1281 rotundi·

180 1324 337 1391 ultis
360 1334 559 1391 sunt.
584 1324 945 1392 vetustiora
976 1323 1045 1390 in'
1070 1320 1348 1416 angulos
1378 1334 1641 1391 exeunt.
1671 1322 1730 1389 E
1757 1320 2094 1389 contrario
2120 1318 2334 1387 ederae

182 1426 507 1524 angulosa
570 1428 1036 1498 retundantur.
1102 1426 1514 1559 Populorum
1556 1425 1731 1497 foliis
1782 1426 2214 1523 grandissima
2251 1422 2342 1493 la·

184 1535 413 1631 nugo⁷
456 1534 729 1605 evolat:
775 1534 1095 1619 candidae,
1136 1521 1427 1606 traditae⁸
1468 1533 1632 1604 folio
1659 1536 2157 1622 numerosiore,
2183 1556 2340 1602 can-

186 1640 379 1730 dida,
407 1656 479 1711 et
505 1656 583 1710 ut
608 1641 807 1711 villi9.
838 1640 1021 1712 Folia
1052 1644 1346 1737 granatis
1380 1656 1447 1711 et
1473 1640 1842 1737 amygdalis
1878 1586 2206 1711 rubentia.

188 1842 243 1894 in
290 1838 607 1913 eloquendo
662 1841 853 1895 versati
898 1832 1057 1908 sunt,
1112 1860 1226 1895 nou
1312 1853 1405 1895 aut
1446 1838 1656 1894 caudiei
1699 1838 2124 1893 adnascentibua.
2159 1836 2344 1891 Eum.

192 1920 395 1974 dieitur
446 1920 734 1973 solstitium
788 1921 940 1986 fere,
1006 1921 1111 1975 nisi
1158 1920 1227 1974 de
1398 1924 1451 1974 6.
1480 1920 1631 1971 Huic.
1659 1920 1778 1971 Hoc
1814 1930 1919 1985 eat,
1947 1918 2152 1991 populo
2194 1919 2343 1973 albe.

190 2001 393 2055 παίω.
427 2000 568 2053 Nam
598 1999 805 2053 tametsi
836 2012 1015 2053 motus
1042 1998 1227 2054 eadem
1314 2000 1563 2071 Theoph.
1608 1999 1647 2050 l.
1693 2016 1741 2051 c.
1797 2004 1885 2059 τῆς
1931 1993 1991 2051 δὲ
2009 2000 2214 2065 λεύκης,
2260 2002 2344 2049 τοῦ

191 2079 483 2153 proportio
527 2098 651 2133 cum
681 2080 941 2144 hiberno,
969 2093 1147 2133 tamen
1168 2078 1231 2133 id
1314 2085 1517 2144 κιττοῦ,
1553 2078 1639 2131 καὶ
1694 2084 1781 2130 τοῦ
1822 2080 2122 2149 καλουμένου
2159 2081 2345 2158 κρότω-

194 2158 437 2215 Romani
497 2177 791 2230 numquam
858 2158 1079 2220 dixere,
1138 2157 1231 2212 sed
1316 2180 1523 2221 νος..
1567 2156 1632 2212 τὰ
1662 2160 1754 2210 vi«.
1803 2153 2040 2229 (φύλλα.)
2089 2160 2339 2231 περιφερῆ·

194 2243 471 2295 brumam.
500 2239 778 2311 Theophr.
806 2239 846 2292 l.
888 2258 937 2293 c.
978 2246 1123 2293 τοῦτο
1174 2234 1234 2293 δὲ
1318 2239 1387 2293 τὰ
1431 2198 1491 2293 Ji
1520 2238 1863 2309 παλαιότεροι,
1911 2233 2172 2309 *Juvenal-ii.
2216 2240 2288 2291 H.

196 2322 311 2392 περὶ
344 2320 533 2391 τροπὰς
561 2318 753 2391 udus-a.
784 2320 1007 2391 γίγνεται
1028 2320 1229 2391 oapi-›oie-
1401 2339 1455 2389 7.
1511 2318 1806 2390 Populorum
1847 2319 1991 2385 soliis
2027 2319 2353 2387 grandissima

200 2399 384 2470 Banp.
1321 2400 1520 2469 lanugo.
1544 2395 1788 2470 Legend.
1808 2424 1830 2445 ι
1853 2398 2186 2467 Populorum
2209 2398 2352 2451 foliis
2439 2420 2446 2429 ·

280 2479 525 2532 XXXV.
551 2478 867 2533 1.Folior·um
884 2482 1062 2534 unitas.
1082 2478 1235 2533 Idem
1322 2478 1672 2552 grandissima
1701 2478 1898 2549 lanugo
1918 2478 2122 2543 evolat,
2166 2476 2354 2533 candi-

202 2560 391 2626 eolor,
431 2558 643 2629 inquit,
672 2559 815 2613 foliis
844 2560 903 2612 in
925 2578 1021 2613 suo
1044 2560 1237 2631 cuique
1321 2558 1404 2613 do
1422 2600 1438 2622 ,
1495 2558 1705 2613 traditae
1749 2558 1882 2611 folio
1946 2560 2315 2613 numerosiore
2341 2596 2360 2621 ,

203 2658 405 2711 genere
420 2677 439 2702 ‚
463 2637 649 2693 eadem
674 2640 846 2692 forma
866 2678 881 2704 ,
910 2640 966 2692 in
986 2642 1205 2711 juventa
1224 2677 1239 2703 ,
1324 2636 1554 2694 candida
1575 2680 1591 2705 ,
1614 2650 1669 2692 et
1691 2650 1758 2691 ut
1781 2638 1918 2692 villi.
1955 2664 1979 2685 ι
2014 2638 2161 2692 Dicit
2183 2656 2360 2711 popu-

205 2733 263 2773 et
282 2738 459 2791 quum
488 2732 787 2773 senescunt.
818 2721 888 2773 At
912 2720 970 2772 iu
998 2720 1204 2792 populo
1224 2757 1241 2785 ,
1326 2720 1506 2774 lorum
1556 2719 1698 2772 foliis
1749 2719 1805 2793 in
1841 2737 2034 2791 genere
2077 2718 2364 2791 grandissi-

209 2799 373 2853 edera
395 2839 411 2864 ,
462 2812 516 2851 et
554 2812 779 2852 crotone
802 2839 819 2862 ,
863 2812 988 2854 sunt
1014 2799 1240 2853 diversa.
1326 2818 1470 2854 mam
1523 2798 1734 2853 evolare
1763 2798 2100 2872 lanuginem,
2128 2800 2232 2852 hoc
2249 2810 2362 2862 est,

207 2879 576 2952 Theophrast.
598 2878 717 2934 nist
732 2880 825 2951 lib.
843 2882 871 2932 1
886 2918 903 2944 ,
920 2898 1037 2951 cap.
1066 2904 1085 2934 1
1098 2884 1152 2935 6.
1172 2880 1241 2933 Η.
1326 2878 1738 2953 grandissimum
1761 2880 1924 2951 βρύον·
1950 2878 2192 2934 candidae
2206 2898 2335 2933 vero
2351 2916 2369 2945 ,

302 2980 359 3012 2.
390 2960 501 3013 Cia·
537 2960 763 3012 ἀίει-ἰωῆς.
791 2960 916 3013 Lib.
947 2961 1057 3013 XV
1075 3000 1091 3029 ,
1126 2978 1245 3031 cap.
1330 2958 1541 3014 traditae
1558 2960 1688 3014 folio
1701 2961 2066 3013 numerosiore
2083 2957 2367 3013 candidum

214 3060 271 3111 7.
296 3038 487 3091 Ihm.
1334 3040 1543 3094 evolare
1570 3052 1625 3093 et
1651 3052 1710 3093 ut
1733 3040 1905 3093 villos.
1931 3063 1953 3084 ι
1972 3038 2246 3105 Candida,
2266 3051 2370 3092 tra·

302 3119 358 3171 3.
386 3120 570 3190 Populi
590 3122 701 3173 m‘a.
724 3119 815 3175 Ab
840 3119 928 3173 his
954 3120 1130 3173 verbis
1156 3118 1252 3172 du·
1335 3120 1445 3173 dita
1498 3120 1630 3173 folio
1657 3120 2027 3173 numerosiore
2066 3146 2090 3167 ι
2126 3118 2372 3190 loquutio
2438 3136 2445 3145 ·

220 3213 372 3254 ctum
394 3198 651 3253 hactenus
674 3201 862 3272 eapitis
889 3197 1252 3271 primordium
1338 3200 1581 3253 Pliniana
1596 3238 1612 3263 ‚
1640 3198 1697 3252 id
1715 3212 1794 3253 est
1809 3240 1826 3267 ‚
1863 3216 1981 3271 quae
2003 3196 2237 3251 traditur
2262 3217 2373 3252 esse

220 3292 300 3333 eet
341 3295 356 3331 ε
400 3296 561 3350 quam
594 3279 804 3351 inepte,
836 3298 901 3332 ex
934 3280 1094 3333 totius
1133 3298 1247 3349 ora·
1290 3296 1297 3302 ·
1338 3279 1471 3333 folio
1497 3278 1879 3332 numerosiore.
1907 3278 2176 3332 Saum—-
2197 3278 2372 3333 Gron.

221 3358 387 3414 tionis
410 3360 546 3415 serie
573 3359 761 3430 liquet.
795 3357 973 3412 Eum.
1340 3358 1557 3431 Aliique
1605 3376 1620 3409 τ
1679 3349 1876 3431 fcznugo.
1917 3358 2104 3411 Evolat
2153 3356 2377 3409 candida

308 3444 365 3501 4.
388 3438 525 3491 Alba
546 3458 607 3490 ac
627 3443 790 3509 nigra.
804 3439 1034 3511 Peuplier
1053 3439 1195 3491 blanc
1210 3430 1259 3490 ei
1348 3440 1578 3499 (tradita
1606 3436 1712 3506 fol.
1762 3458 1943 3491 rcumer.
1987 3436 2278 3503 candida),
2323 3448 2376 3488 ut

225 3524 349 3573 noir.
374 3518 634 3588 Libycam
656 3520 817 3591 vulgo
834 3519 1144 3573 Tremulam
1168 3536 1261 3571 vo-
1346 3521 1491 3573 iulus.
1535 3518 1778 3573 salmasii
1817 3514 2250 3571 emendationem
2290 3534 2377 3569 re-

226 3611 353 3653 cant
379 3636 397 3663 ,
426 3616 457 3651 a
478 3598 833 3653 uemulorum
864 3599 1122 3653 foliorum
1145 3618 1258 3653 cre·
1347 3601 1492 3672 cepit
1518 3598 1846 3653 narduinus.
1875 3598 1978 3651 En.

226 3680 352 3751 pitu
386 3678 717 3751 strepituque
756 3678 967 3733 assiduo
984 3720 1001 3743 ,
1048 3680 1260 3732 tremble.
1433 3682 1485 3735 8.
1531 3680 1808 3743 Candida,
1857 3678 2070 3731 traditoe.
2103 3678 2184 3730 Ita
2222 3676 2377 3731 MSS.

226 3758 413 3811 Ham).
428 3760 654 3812 ——Tree
674 3771 796 3813 sunt
818 3760 1043 3829 speeies,
1067 3776 1263 3831 nempe
1348 3762 1483 3831 Reg.
1503 3760 1663 3814 Colb.
1690 3760 1796 3813 Th.
1821 3759 2004 3812 Hum.

228 3842 360 3911 Pop.
389 3838 537 3903 alba,
582 3842 757 3909 nigra,
808 3840 1036 3892 Tremula
1073 3835 1261 3901 (Dae’oec.
1436 3859 1493 3910 9.
1534 3840 1611 3892 Ee
1642 3852 1698 3893 ut
1722 3838 1848 3893 villi.
1881 3840 1948 3891 In
1970 3838 2126 3891 MSS.
2139 3836 2382 3909 proxime

228 3919 433 3971 ottand.
463 3936 583 3989 gen.
616 3924 798 3997 2249,
832 3920 978 3974 Pers.
1008 3920 1264 3973 Amentac·
1358 3918 1616 3985 laudam,
1647 3932 1698 3973 ee
1729 3932 1784 3971 ut
1811 3920 1967 3971 villoe.
2007 3918 2206 3982 Forte,
2239 3928 2288 3967 et
2331 3928 2386 3967 ut

234 4000 378 4053 June.
397 3996 441 4063 )·
463 4000 573 4052 Eo.
1366 4022 1488 4055 ηοω.
1520 4002 1660 4055 Nam
1704 4012 1763 4052 ut
1808 3999 1905 4053 lib.
1949 3998 2086 4063 XII,
2131 4015 2246 4068 cap.
2281 4000 2389 4059 6²,

328 4078 379 4133 5.
424 4080 792 4134 Εηωσεηιίὸω.
832 4080 1004 4135 Ramo
1038 4080 1243 4134 scilicet
1263 4120 1279 4146 ,
1366 4082 1542 4154 bryon
1569 4100 1670 4136 uva
1697 4079 1889 4153 populi
1921 4079 2052 4133 albae
2069 4077 2286 4131 dicitur.
2317 4074 2388 4127 H.
