2984 5009
963 538 972 549 ‚
1014 454 1326 523 LIBER
1374 456 1563 524 x11.

2257 454 2348 527 85

221 585 348 655 sine
393 584 806 656 adminiculis
845 610 917 656 se
939 588 1098 683 ipsae
1121 589 1467 659 sustinent.
1501 587 1847 657 Tondetur
1873 587 2174 659 similiter
2210 588 2350 661 fru-

213 694 408 763 tioens
426 690 475 781 ⁹,
517 716 598 763 ac
641 694 870 763 rastris
910 695 1206 782 nitescit,
1249 710 1697 791 properatque
1738 696 1923 765 nasci
1942 748 1961 783 ,
2006 697 2180 765 intra
2216 711 2348 767 ter-

205 800 361 867 tium
397 823 657 870 annum
702 799 1066 871 fructifera.
1108 801 1368 872 Folium
1410 804 1793 896 proximum
1830 800 2089 885 rutae⁸⁰‚
2122 828 2353 899 perpe·

202 919 308 975 tna
339 931 544 976 coma

561 904 632 974 '¹.
673 908 958 977 saeviere
999 910 1069 977 in
1098 907 1307 977 eam²²
1343 908 1599 1000 Judaei‚
1634 910 1805 978 sicut
1844 910 1915 978 in
1950 909 2155 979 vitam
2182 936 2348 1006 quo-

195 1038 318 1107 que
366 1038 584 1083 suam.
632 1016 890 1084 Contra
917 1014 1274 1085 defendere
1309 1017 1643 1101 Romani,
1692 1030 1761 1085 et
1796 1014 2183 1085 dimicatum
2224 1042 2349 1113 pro

202 1118 426 1191 statice
453 1135 597 1191 est:
627 1122 920 1219 seritque
947 1146 1130 1191 nunc
1165 1146 1320 1193 eum
1355 1120 1597 1192 fiscus¹
1580 1107 1626 1146 ¹³

1662 1147 1839 1192 :nec
1875 1146 2195 1261 umquam
2224 1122 2351 1193 fuit

199 1230 640 1313 numerosior,
679 1241 802 1297 aut
844 1230 1210 1323 procerior.
1257 1230 1629 1299 Proceritas
1665 1230 1841 1297 intra
1878 1216 2096 1297 bina¹⁴
2124 1230 2351 1299 cubita

203 1333 504 1403 subsistit.

287 1440 544 1511 Arbon-i
579 1442 712 1511 tria
738 1441 1024 1537 genera⁸
1029 1428 1392 1513 51Τεειιιιίὃ.
1413 1456 1483 1513 et
1518 1441 1879 1538 capillacea
1904 1464 2097 1513 coma
2116 1495 2139 1530 ,
2166 1442 2349 1537 quod
2386 1456 2419 1509 3

201 1561 430 1617 vocant
493 1548 937 1619 eutheriston.
975 1546 1282 1619 Alterum
1339 1550 1581 1621 scabro
1615 1564 1923 1645 aspectu,
1957 1552 2307 1618 incurvum
2329 1600 2349 1633 ‚

201 1651 619 1742 fruticosum,
656 1653 1057 1727 odoratius:
1102 1656 1240 1727 hoc
1275 1656 1541 1751 trachy¹
1548 1656 1573 1697 ⁷
1634 1654 1990 1752 appellant.
2046 1658 2349 1724 Tertium

200 1782 526 1844 mmeces,
571 1762 734 1856 quia
776 1776 878 1831 est
917 1761 1186 1857 reliquis
1230 1764 1616 1858 procerius,
1662 1760 1815 1833 laevi
1858 1763 2128 1831 cortice.
2176 1764 2353 1833 Huic

199 1866 478 1937 secunda
501 1867 812 1954 bonitas,
843 1870 1204 1937 novissima
1235 1854 1666 1937 eutheristo¹⁸

1672 1867 2029 1937 .Semen¹⁹
2064 1882 2167 1939 est
2195 1870 2352 1938 vino

187 1976 578 2069 proximum
617 1987 824 2068 gustu
843 2026 864 2061 ‚
927 1972 1154 2043 colore
1201 1974 1426 2042 ruflim
1444 2028 1465 2062 ‚
1509 1999 1634 2043 nec
1691 1976 1831 2043 sine
1858 1975 2129 2069 pingui:
2163 1976 2353 2069 pejus

199 2081 256 2149 in
291 2104 547 2178 grano,
605 2078 792 2173 quod
841 2077 1054 2149 levius
1098 2093 1300 2174 atque
1365 2079 1667 2149 viridius.
1734 2082 1988 2149 Ramus
2031 2083 2354 2169 crassior,

269 2286 323 2337 9.
373 2264 640 2318 Tandem
696 2264 925 2315 sunilitee·
958 2266 1227 2332 ῥιπίσαι-ς.

199 2344 425 2400 chifflet.
447 2341 577 2399 cod.
597 2342 927 2413 fiuctffims.
959 2344 1068 2397 En.

279 2444 359 2480 ιο.
372 2424 578 2477 Folium
590 2428 866 2494 proximam
885 2435 1027 2476 rutoe.
1045 2423 1228 2477 Theo-

201 2506 388 2577 μὲι-ιιι.
421 2504 535 2557 loc.
583 2503 678 2557 cit.
727 2502 818 2556 Sic
847 2504 1008 2557 etiam
1044 2504 1224 2557 Diosc.

201 2586 245 2644 1,
278 2588 364 2641 18.
389 2584 579 2637 Hm.

279 2684 302 2719 1
318 2684 368 2719 1.
397 2666 654 2735 Papam
676 2681 830 2715 coma.
857 2665 1128 2735 Perpetuo
1144 2664 1226 2717 vi-

199 2764 324 2812 tens,
349 2744 635 2815 ᾰιὶφυλλος.
655 2742 934 2814 Theophr.
961 2744 1145 2797 Ηιιιιι.

274 2845 364 2881 1².
405 2825 472 2877 In
503 2842 632 2875 em.
669 2822 852 2876 Elzev.
897 2823 1140 2877 Gronov.
1173 2836 1228 2877 et

203 2918 316 2959 vett.
349 2901 532 2959 Hard-
561 2903 780 2957 eandem,
803 2903 910 2957 En.

267 2986 360 3041 13.
387 2983 623 3055 Ser-isque
637 3002 765 3035 nunc
781 2982 1055 3053 eumfhcus.
1071 2982 1228 3037 Fisco

200 3066 452 3138 principis
489 3061 746 3117 addictus
771 3063 994 3117 balsami
1023 3062 1228 3117 reditus

199 3148 405 3201 umis.
429 3143 737 3197 arborem‘
719 3163 766 3197 is
803 3142 1006 3198 idcirco
1049 3144 1230 3197 colen·

201 3222 314 3279 (lam
334 3244 402 3281 ac
425 3222 718 3278 serendam
741 3226 981 3279 curabat.
1000 3226 1186 3279 Ham).

273 3312 362 3369 14.
401 3306 557 3359 Intra
602 3304 734 3355 bina.
779 3304 992 3357 Simeon
1036 3304 1225 3359 Sethi:

203 3388 376 3456 Ιιιρόν
396 3388 478 3445 ies
508 3386 568 3437 τὸ
598 3388 816 3455 euzoii-:qv
849 3386 994 3455 φυτὸν
1027 3386 1226 3453 mxima

201 3466 395 3521 &nrm
419 3462 542 3519 δῦο.
571 3463 685 3515 Tit.
713 3464 775 3515 de
793 3462 1230 3519 haltammlhnn.

276 3546 370 3600 15.
417 3546 550 3597 Tria
582 3562 784 3613 genera.
812 3544 900 3599 Sic
926 3542 1227 3599 Dioscorid-

203 3622 296 3679 loe.
315 3624 412 3680 dt.
441 3620 682 3694 διαφέρον
711 3626 831 3677 αὐτὸ
855 3626 1032 3678 laureti
1051 3627 1231 3696 τραχῦ-

203 3722 322 3771 τιτι,
346 3705 436 3759 nat
453 3704 735 3773 ἰσχνότητι.
760 3703 925 3770 Quod
943 3705 1229 3759 Salmasius

205 3800 300 3839 nnn
327 3784 629 3848 intellexit,
669 3802 840 3855 quum
882 3784 1123 3838 Plinium
1145 3804 1233 3839 er·

206 3864 627 3919 mriainaimulat
643 3903 660 3929 ‚
683 3864 742 3917 in
769 3864 974 3931 libello,
991 3866 1078 3919 cui
1101 3867 1233 3919 titu-

207 3942 308 3997 lam
333 3944 468 3999 fecit
493 3944 830 4015 praefationis
869 3946 926 3999 in
961 3944 1226 4007 Plinium,

211 4040 318 4095 pag.
343 4026 656 4093 96111111).

1319 2277 1430 2330 est,
1473 2264 1624 2336 quod
1659 2276 1849 2317 tenues
1899 2266 2143 2318 surculos
2179 2264 2352 2335 gerit,

1319 2358 1374 2397 et
1409 2346 1710 2416 capillaceae
1744 2344 2051 2416 gracilitatis
2091 2343 2351 2415 virgulta,

1317 2442 1438 2494 quae
1467 2426 1541 2477 ob
1572 2423 2105 2495 gracilitatem'facile
2137 2422 2351 2477 tonderi

1317 2516 1372 2557 et
1391 2505 1657 2575 amputari
1686 2504 1893 2577 possint
1919 2523 1933 2557 :
1973 2507 2029 2556 τὸ
2054 2504 2237 2557 λεπτὸν
2265 2504 2351 2559 καὶ

1319 2580 1561 2655 *epifi-708⁸<
1616 2590 1700 2637 τοῦ
1758 2584 1941 2655 θάμνου
1984 2584 2188 2656 θεριςόν·
2229 2584 2349 2646 ἴσως

1313 2656 1408 2717 διὰ
1436 2665 1492 2718 τὸ
1520 2666 1728 2736 εὐχερῶς
1764 2665 2053 2735 θερὶζισθαι,
2076 2665 2239 2731 ἰσχνὸν
2275 2666 2349 2718 ὅν.

1315 2744 1497 2797 Diosc.
1529 2744 1639 2817 loe,
1676 2744 1765 2797 cit.
1801 2746 1945 2799 Cave
1972 2744 2117 2797 enim
2148 2741 2217 2797 de
2262 2764 2349 2797 ca-

1314 2823 1552 2895 pillaceis
1569 2824 1711 2877 foliis
1720 2825 1837 2877 haec
1849 2820 2161 2897 accipienda
2173 2837 2347 2897 putes,

1315 2921 1436 2974 qua
1477 2903 1685 2957 Plinius
1734 2906 1897 2975 paulo
1954 2917 2142 2969 antea,
2188 2918 2249 2957 ut
2297 2916 2351 2957 et

1315 2984 1672 3055 Theophrast.
1702 2997 1755 3036 et
1774 2984 1956 3037 Diosc.
1989 2997 2125 3037 rutae
2152 2983 2347 3037 similia

1317 3081 1430 3117 esse
1455 3076 1601 3117 recte
1622 3062 1777 3117 dixit.
1800 3064 1957 3117 Unus
1978 3063 2077 3117 etsi
2106 3062 2139 3115 J
2144 3064 2349 3117 ustinus

1315 3144 1420 3197 loc.
1447 3144 1541 3197 cit.
1564 3143 1727 3197 Plinii
1754 3144 1919 3197 verba
1944 3150 2229 3216 perp‘eram
2262 3144 2348 3196 in-

1316 3236 1653 3296 terpretatus,
1672 3222 1933 3295 ejusmodi
1960 3224 2088 3277 folia
2112 3223 2347 3277 balsamo

1315 3304 1561 3359 attribuit
1574 3345 1591 3369 ,
1612 3304 1787 3375 qualia
1802 3304 1859 3357 in
1876 3304 2046 3376 piceis
2066 3304 2351 3357 arboribus

1317 3402 1538 3458 cernere
1564 3396 1660 3438 est.
1690 3384 1879 3437 Eun.

1405 3484 1491 3535 17.
1530 3464 1740 3536 Trachy.
1774 3464 1968 3535 Τραχὺ,
2013 3480 2245 3532 asperum.
2280 3462 2351 3515 Et

1319 3560 1446 3597 mox
1473 3542 1713 3614 ιύμῆκης,
1737 3560 2008 3613 procerum.
2032 3541 2220 3595 num.

1405 3624 1498 3677 18.
1522 3624 1855 3675 Eutheriston.
1882 3622 2137 3692 Εὖοίριςον
2156 3659 2174 3688 ,
2202 3620 2349 3693 quod

1317 3702 1476 3757 facilc
1491 3714 1817 3775 amputatur.
1850 3701 2035 3755 Solent
2064 3714 2207 3755 certe
2231 3720 2349 3755 sur·

1320 3785 1454 3849 culi,
1482 3802 1595 3836 non
1626 3782 1786 3848 folia,
1815 3782 2101 3854 amputari.
2122 3784 2308 3836 nnn.

1407 3882 1499 3933 19.
1515 3862 1700 3916 Samen.
1726 3862 1849 3917 Sive
1874 3862 2079 3917 fructus
2095 3904 2112 3926 ,
2136 3862 2351 3933 καρπὸς,

1323 3944 1566 3999 Dioscor.
1596 3942 1702 3996 loc.
1732 3941 1825 3996 cit·
1866 3944 1931 3996 In
1968 3942 2197 3997 officinis
2227 3942 2355 3995 Car·
2358 3952 2363 3959 ·

1321 4024 1737 4097 pobalsamum:
1784 4022 1879 4078 sed
1902 4024 2169 4079 sincerum
2188 4018 2353 4072 hodie

287 4110 372 4158 16.
403 4106 564 4157 Tema·
578 4116 630 4156 ee
652 4105 920 4176 φρέασι-ια
938 4126 1089 4160 coma.
1115 4106 1234 4159 Hoc
1322 4105 1534 4159 nullum
1560 4104 1691 4157 fere.
1711 4104 1780 4157 H.
1784 4102 1990 4157 -Sem
2014 4114 2088 4155 est
2107 4104 2241 4153 vino.
2264 4098 2355 4153 Sic

2001 4170 2083 4254 63
