2984 5009
913 458 1490 525 LIBER-XIV.

2128 453 2267 540 341

263 593 358 659 Ex
397 588 496 657 his
533 612 682 682 quae
727 587 794 654 in
839 586 1052 655 hortis
1101 578 1465 682 gignuntur
1516 586 1595 656 fit
1647 590 1874 656 vinum
1926 612 1963 657 e
2018 587 2281 673 radice,
2320 597 2349 649 ⁵

178 720 464 792 asparago
481 680 556 779 ³⁰,
597 691 818 763 cunila
840 746 860 779 ,
893 695 1202 788 origam,
1235 697 1366 789 apii
1395 698 1668 781 semine,
1695 695 2055 779 abrotono,
2084 718 2278 762 men·
2354 772 2371 785 ‚

78 1298 80 1319 ³
174 1284 378 1338 reticenti
447 1280 712 1337 efficacius
785 1282 1126 1355 adstringunt
1145 1322 1163 1348 ,

76 1394 78 1425 ÷
174 1384 306 1435 quam
335 1365 492 1435 myrti
519 1376 576 1416 et
604 1363 793 1416 folium
816 1404 832 1429 ‚
865 1377 918 1417 et
944 1365 1166 1419 fructus.

76 1430 79 1521 ξ
175 1444 292 1499 vide
311 1444 441 1497 infra
457 1483 474 1507 ‚
507 1443 604 1496 nib.
625 1443 848 1507 xxm,
873 1462 921 1497 c.
949 1445 1164 1499 ultimo.

76 1532 79 1591 ζ
174 1526 398 1577 Catonem
415 1563 430 1587 ,
452 1542 503 1576 c.
537 1542 559 1576 1
576 1525 668 1575 25.
692 1522 983 1576 Palladium
999 1563 1015 1590 ,
1039 1542 1085 1577 c.
1115 1546 1165 1587 a.

76 1604 79 1685 ξ
176 1618 216 1655 et
237 1603 480 1657 Columel.
515 1603 615 1656 lib.
652 1602 793 1668 XII,
823 1624 872 1658 c.
910 1604 997 1657 18.
1029 1606 1170 1657 Du..

243 1684 321 1737 3ο.
373 1684 678 1753 Aspar-ugo,
737 1696 835 1737 etc.
885 1684 1021 1749 Quae
1067 1688 1173 1738 sint

177 1762 334 1815 harum
393 1763 684 1816 herbarum
739 1764 957 1816 nomina
978 1802 996 1827 ,
1063 1765 1172 1818 suis

76 1842 79 1911 ξ
177 1860 362 1915 quoqne
381 1843 510 1895 locis
531 1841 804 1906 dicemus,
833 1844 928 1896 ubi
956 1842 1026 1896 de
1048 1845 1174 1897 hor·

74 1912 78 1991 ξ
178 1922 381 1979 tentibus
409 1936 599 1993 agetur
619 1960 637 1985 ,
675 1922 770 1977 lib.
803 1924 936 1977 XIX
968 1938 1022 1977 et
1061 1942 1170 1995 seq.

179 2001 240 2053 Ex
267 2002 346 2055 his
381 2002 634 2056 vinorum
678 2004 962 2073 generibus
992 2004 1104 2057 haec
1141 2022 1172 2058 a

181 2080 454 2135 Dioscoride
483 2097 843 2137 recensentur.
875 2084 1172 2155 Thymbri-

181 2172 268 2224 ια,
293 2160 430 2233 quod
470 2182 502 2215 e
541 2163 796 2233 thymbra
823 2162 914 2227 fit,
949 2182 1043 2216 seu
1087 2182 1178 2217 cu-

74 2270 76 2313 ς
179 2240 290 2303 nila,
330 2242 422 2296 lib.
467 2243 552 2307 V,
587 2261 706 2313 cap.
754 2246 842 2295 60.
881 2244 1178 2312 Origanites

179 2319 298 2389 quod
313 2340 376 2374 ex
391 2322 643 2392 origano,
657 2340 774 2394 cap.
800 2328 832 2376 6
845 2342 867 2376 1
881 2363 894 2375 .
918 2324 1179 2389 Selinites,

181 2400 298 2468 qnod
319 2418 380 2453 ex
408 2402 518 2473 apii
545 2402 776 2464 semine,
801 2420 848 2456 c.
878 2408 971 2472 74.
1000 2403 1178 2455 Abro-

183 2479 369 2546 tonites,
398 2480 546 2552 quod
579 2500 643 2535 ex
675 2482 965 2547 abrotono,
995 2502 1046 2535 c.
1079 2486 1175 2536 62.

185 2558 590 2624 Calaminthites,
635 2560 784 2633 quod
819 2580 885 2615 ex
921 2562 1176 2616 calamin-

171 2624 274 2703 tlia,
297 2640 404 2694 sive
427 2654 486 2694 ut
507 2642 714 2697 Plinius
737 2642 968 2713 appellat
984 2682 1000 2709 ,
1023 2661 1174 2695 men-

191 2732 306 2773 asmo
323 2758 338 2781 ‚
367 2740 482 2792 cap.
515 2726 610 2775 62.
634 2722 858 2775 Prasites
883 2720 1116 2793 denique
1142 2742 1174 2775 e

175 2801 455 2865 -arrubio,
479 2820 599 2873 cap.
629 2802 718 2856 58.
746 2802 932 2855 Hann-

237 2877 320 2933 31.
361 2880 608 2935 Condunt.
648 2880 734 2934 Sic
770 2898 834 2933 ex
876 2882 1032 2935 MSS.
1068 2899 1172 2935 em.

175 2954 311 3013 llud.
341 2976 490 3013 cons.
515 2961 618 3015 Ch.
657 2962 864 3012 tundunt
887 2960 985 3015 Gr.
1009 2974 1064 3015 et
1086 2961 1175 3015 Al.

241 3034 320 3093 32.
357 3040 432 3091 Ec
451 3060 604 3111 sapa.
632 3040 714 3092 lta
737 3040 867 3111 Reg.
906 3059 927 3094 ι
973 3038 1094 3094 cod.
1123 3054 1174 3093 et

72 3124 75 3187 ζ
175 3114 270 3170 Par.
295 3117 434 3172 Editi
461 3138 768 3192 perperam,
793 3132 842 3172 et
865 3140 992 3191 ηερε
1010 3134 1173 3173 sexta-

175 3200 294 3251 riam.
317 3199 502 3255 Hanu-

237 3276 318 3331 33.
355 3280 406 3331 Ε
435 3282 575 3350 napis
593 3277 692 3349 fit,
742 3280 834 3331 X!
873 3280 1176 3333 denariorum

171 3356 363 3421 poa-dm.
401 3362 778 3429 Archetypum
818 3360 1136 3413 Toletanum
1156 3402 1171 3422 ,

167 3432 218 3501 fi‘
231 3436 362 3491 dnum
389 3441 696 3492 denariorum
715 3460 734 3492 .·
762 3438 986 3492 verbum
1013 3440 1173 3492 etiam

169 3518 344 3581 pondere
363 3518 678 3591 superfluit,
704 3538 768 3571 ex
791 3517 979 3571 eodem
1004 3536 1177 3571 exem-

178 3594 302 3663 plari.
329 3600 646 3651 Hermolaus
677 3600 890 3650 undecim
933 3596 1176 3651 defendit

177 3692 226 3727 ex
262 3678 597 3743 Dioscoride,
637 3680 818 3732 nescio
861 3697 970 3750 quo
1011 3680 1173 3748 jure:

178 3772 276 3807 nam
295 3756 620 3812 Dioscuridis
641 3760 800 3812 verba
824 3759 965 3811 libro
985 3759 1178 3830 quinto

179 3834 290 3889 mire
349 3856 470 3891 cnm
533 3838 710 3891 verbis
765 3836 1180 3891 emendatissimi

181 3917 462 3988 exemplaris
489 3918 709 3971 faciunt.
751 3944 773 3966 ι
792 3915 1034 3971 Τηηᾶὶιο
1053 3955 1069 3982 ,
1097 3919 1180 3969 in-

184 3994 566 4068 quit,naporum
577 3996 856 4051 drachmas
867 3997 998 4050 duas
1010 4036 1024 4063 ,
1043 4011 1142 4051 etc.
1153 4024 1176 4045 a

186 4071 330 4129 Porro
355 4074 493 4131 idem
523 4096 638 4131 esse
657 4076 867 4147 pondus
890 4076 1158 4131 drachmae
1171 4115 1188 4143 ,

78 869 81 903 ἰ
175 818 388 887 tastm,
411 816 554 869 ruta
575 853 594 887 ‚
625 814 896 895 nepeta,
925 800 1250 895 serpyllo,
1281 802 1639 870 marrubio.
1677 800 2056 895 Manipulos
2090 800 2283 871 binos

178 910 441 979 condunt
457 893 502 933 ³¹
531 909 603 975 in
635 907 876 975 cadum
917 908 1151 994 musti,
1181 922 1249 977 et
1287 930 1460 1003 sapae
1477 893 1528 933 ³²
1566 911 1957 988 sextarium,
2002 922 2072 976 et
2097 932 2285 1001 aquae

177 1014 789 1085 marinaeheminam.
826 1016 882 1081 E
919 1015 1108 1108 napis
1137 1014 1211 1083 fit
1227 1000 1306 1100 ³³,
1335 1014 1542 1083 duum
1556 1002 1609 1047 ³⁴
1648 1014 2073 1083 denariorum
2114 1038 2285 1107 pon-

78 1132 80 1155 ⁵
177 1122 308 1192 dere
327 1124 392 1191 in
409 1122 724 1191 sextarios
749 1120 940 1189 binos
967 1126 1166 1191 musti
1197 1120 1460 1191 addito:
1496 1120 1653 1191 it'em
1685 1146 1723 1189 e
1751 1106 2011 1190 scillae³⁵
2043 1120 2282 1189 radice.

1255 1300 1308 1341 et
1339 1284 1577 1351 denarii,
1604 1287 1660 1337 in
1691 1298 1876 1356 aperto
1902 1297 1980 1337 est
2000 1283 2145 1355 apud
2173 1304 2287 1337 om-

1256 1384 1371 1418 nes.
1408 1366 1567 1419 Pur-r.
1596 1398 1675 1409 —-
1699 1367 1753 1417 E
1778 1368 1916 1437 napis
1932 1363 2019 1435 fit.
2042 1365 2287 1417 Dioscor.

1255 1446 1349 1499 lib.
1374 1446 1448 1511 V,
1473 1464 1591 1517 cap.
1628 1446 1729 1511 56,
1758 1446 1983 1511 βουνὶτης
2021 1440 2160 1505 οἶνος.
2192 1447 2287 1515 Est

1256 1527 1398 1579 enim
1433 1526 1675 1591 bunion,
1704 1526 1784 1577 uti
1825 1544 1948 1578 cum
1988 1524 2165 1577 Plinio
2204 1524 2287 1576 di-

1258 1624 1438 1659 cemus.
1454 1644 1470 1672 ,
1496 1606 1590 1659 lib.
1612 1604 1745 1669 XX,
1767 1624 1882 1676 cap.
1914 1622 1937 1657 1
1956 1622 2005 1669 1,
2022 1623 2287 1676 naporum

1258 1704 1439 1757 genus.
1462 1686 1644 1739 Hsnu.

1343 1766 1436 1829 34.
1467 1766 1635 1817 Duum
1662 1765 1987 1819 denariorum.
2024 1765 2111 1818 Sic
2138 1766 2288 1817 resti-

1257 1846 1460 1900 tuimus
1502 1864 1607 1917 ope
1652 1842 1901 1898 codicum
1949 1846 2079 1915 Reg.
2131 1845 2286 1897 Colb.

1261 1940 1360 1979 etc.
1408 1926 1466 1979 in
1510 1926 1705 1997 quibus
1755 1924 1899 1975 duum
1945 1924 2288 1995 planissime,

1258 2024 1357 2059 nec
1389 2024 1486 2076 per
1514 2018 1771 2061 notarum
1808 2003 2125 2075 compendia
2158 2004 2286 2073 legi·

1249 2088 1382 2139 ‘turz
1405 2086 1567 2155 magis
1588 2098 1763 2137 autem
1784 2084 1948 2153 ipsius
1966 2080 2292 2136 Dioscuridis

1263 2163 1539 2219 admonitu
1564 2199 1578 2222 ,
1608 2164 1701 2235 qui
1727 2162 1879 2215 binas
1904 2161 1970 2215 ad
1996 2160 2049 2215 id
2075 2182 2289 2235 quoque

1265 2244 1543 2299 drachmas
1570 2242 1831 2315 postulat,
1852 2242 1947 2295 lib.
1975 2242 2056 2307 V,
2086 2262 2133 2294 c.
2172 2244 2242 2296 56
2274 2262 2285 2291 :

1262 2326 1456 2384 Βουνίου
1475 2320 1708 2395 δραχμὰς
1729 2318 1819 2375 δύο
1844 2324 1997 2393 κόψας
2013 2361 2028 2381 ,
2055 2322 2197 2384 κσὶθις
2223 2324 2289 2382 εἰς

1263 2407 1468 2465 κοτύλας
1512 2405 1739 2475 pssum<
1784 2403 2050 2472 τέσσαρας.
2094 2400 2293 2455 Graecis

1262 2486 1438 2541 κοτύλη
1468 2484 1683 2537 hemina
1708 2494 1818 2543 est,
1840 2483 1951 2535 sive
1980 2479 2293 2535 dimidiatus

1261 2564 1533 2619 sextarius.
1568 2564 1721 2617 Prius
1760 2562 2066 2633 legebatur,
2092 2560 2186 2613 XI
2204 2563 2291 2612 de-

1260 2648 1505 2697 nariorum
1519 2662 1537 2692 .-
1557 2641 1703 2715 quod
1720 2662 1883 2713 quum
1900 2643 1957 2695 in
1974 2640 2295 2713 quibusdam

1261 2725 1653 2797 exemplaribus
1680 2722 1939 2793 scriptum
1976 2720 2183 2773 librarii
2206 2741 2293 2773 re-

1261 2805 1527 2857 centiores
1545 2804 1897 2867 invenissent,
1914 2800 1976 2853 1!
1992 2802 2293 2853 denariae-mn

1262 2902 1380 2956 quae
1402 2882 1628 2937 Romani
1660 2882 1871 2935 numeri
1894 2893 2017 2933 nota
2040 2882 2184 2932 duum
2209 2900 2295 2933 ex-

1261 2962 1433 3027 hibet,
1455 2964 1736 3015 Arabicam
1758 2980 1869 3015 esse
1888 2961 2017 3026 rati,
2039 2960 2292 3013 undecim

1261 3044 1419 3097 nobis
1442 3043 1705 3097 obtulere.
1731 3042 1799 3095 Η.
1823 3072 1903 3082 —-
1920 3041 1979 3093 In
2005 3054 2185 3093 δαΐαν.
2212 3042 2295 3093 Ita

1263 3124 1401 3177 hene
1421 3124 1587 3193 Regg.
1618 3140 1664 3179 ι,
1691 3142 1741 3184 2,
1758 3134 1810 3174 et
1829 3120 1911 3174 ed.
1934 3123 2107 3191 princ.
2122 3122 2291 3176 Bno‘r..

1346 3202 1438 3257 35.
1462 3204 1583 3255 Item
1609 3223 1636 3253 e
1660 3202 1826 3253 scillae.
1856 3202 2059 3253 Vinum
2082 3199 2297 3253 scillites

1264 3278 1721 3355 quemadmodum
1771 3280 2090 3333 conficiatur
2139 3277 2295 3333 docet

1265 3364 1480 3417 Colum.
1510 3362 1651 3425 XII,
1682 3360 1787 3413 33:
1824 3385 1847 3407 ι
1869 3360 2081 3413 Scillam
2106 3359 2296 3429 legito,

1265 3460 1489 3513 eamque
1536 3452 1707 3493 secato
1752 3458 1911 3507 quam
1956 3438 2266 3491 tenuissime
2282 3476 2297 3503 ,

1266 3522 1407 3575 sicut
1429 3520 1657 3591 raphani
1680 3516 1916 3571 radicem
1934 3556 1950 3582 ,
1978 3518 2297 3588 taleolasque

1266 3612 1430 3655 sectas
1465 3596 1729 3671 suspende
1761 3598 1817 3649 iu
1864 3601 2083 3661 umbra,
2118 3610 2176 3650 ut
2214 3616 2297 3649 as·

1267 3682 1535 3734 siccentur
1576 3698 1591 3734 :
1652 3674 1847 3731 deinde
1907 3696 2073 3748 quum
2136 3675 2299 3729 arida

1267 3773 1426 3814 erunt
1451 3800 1466 3824 ,
1518 3760 1575 3811 in
1608 3758 1769 3809 musti
1800 3756 2017 3811 Aminei
2045 3757 2301 3811 sextarios

1269 3858 1447 3893 xum
1465 3879 1481 3904 ,
1500 3838 1656 3891 scillae
1682 3835 1843 3889 aridai
1871 3835 2011 3889 adde
2038 3834 2222 3909 pondo
2242 3837 2305 3889 li-

1269 3922 1422 3972 bram
1444 3960 1459 3985 ,
1479 3918 1701 3989 eamque
1727 3918 1895 3971 inesse
1917 3930 2101 3990 patere
2118 3915 2307 3969 diebus

1275 4018 1412 4061 xxx,
1437 4011 1615 4071 postea
1638 3999 1876 4063 eximito,
1902 4012 1956 4051 et
1985 3996 2295 4050 defaecatum

1279 4082 1460 4132 vinum
1484 4078 1537 4131 in
1560 4078 1841 4149 amphoras
1858 4080 2012 4131 binas
2030 4077 2263 4145 adjicito.
2278 4104 2299 4121 ι·

1944 4171 2083 4255 223
