2984 5009
980 481 1298 552 Lmen
1352 483 1527 552 xv.
2176 489 2330 580 419

198 614 519 694 detraxere
544 616 791 686 vitibus
809 665 827 700 ‚
856 641 1017 684 mox
1037 616 1105 684 in
1130 615 1267 686 sole
1287 619 1579 687 siccant:
1607 629 1751 684 tum
1771 615 1942 687 foliis
1971 605 2002 712 (
2026 631 2102 688 ut
2131 643 2333 716 supra

195 723 425 794 dictum
484 713 637 816 est)
690 720 1021 792 involutas
1054 725 1349 795 vinaceis
1393 724 1661 818 stipant.
1703 725 1874 794 Sunt
1915 727 2032 818 qui
2075 727 2332 797 malunt

192 855 339 900 uvas
384 830 587 901 scobe
603 819 653 858 ²⁵
682 830 1081 900 ramentisve
1114 832 1351 902 abietis
1370 884 1389 918 ‚
1436 829 1667 925 populi
1689 873 1714 916 ‚
1751 830 2006 900 fraxini·
2043 857 2328 905 servare.

190 938 339 1006 Sunt
366 939 482 1034 qui
516 937 832 1033 suspendi
854 934 1091 1031 procul
1125 936 1315 1008 malis
1330 940 1403 1024 ²⁷,
1434 938 1872 1033 protinusque
1904 940 1975 1007 in
2003 944 2330 1034 granariis

185 1042 477 1134 jubeant,
504 1046 823 1139 quoniam
850 1044 1101 1139 optime
1128 1045 1214 1115 sit
1234 1045 1658 1140 operimento
1685 1043 1909 1138 pulvis
1935 1046 2321 1140 pensilibus.

192 1151 425 1220 Contra
482 1175 723 1246 vespas
742 1139 792 1178 ²⁸
835 1151 1131 1222 remedio
1180 1165 1314 1232 est,
1376 1149 1528 1221 oleo
1579 1153 1846 1247 aspergi
1899 1177 1980 1220 ex
2027 1178 2164 1223 ore.
2219 1159 2326 1224 De

190 1255 405 1349 palmis
418 1259 471 1298 ²⁹
507 1257 817 1327 diximus.

275 1367 462 1434 XIX.
518 1355 801 1458 (xvm.)
846 1366 905 1432 E
946 1362 1236 1460 reliquo'

1279 1389 1522 1458 genere
1567 1389 1926 1459 pomorum
1969 1366 2138 1437 ficus
2173 1395 2324 1439 am-

190 1467 458 1562 plissima
484 1469 646 1556 est²‚
684 1471 1121 1566 quoedamque
1152 1485 1221 1541 et
1250 1472 1415 1566 piris
1442 1470 1904 1567 magnitudine
1931 1474 2308 1546 aemula.De

256 1649 338 1699 25.
367 1645 501 1698 Sunt
543 1649 627 1718 qui
671 1647 859 1698 malunt
897 1665 1013 1699 uvas
1057 1647 1197 1700 scobe

189 1730 444 1779 mentisve
464 1727 653 1788 abietis,
670 1726 862 1797 populi,
882 1728 1078 1794 fra-vini
1093 1747 1195 1780 ser-

190 1822 291 1857 m.
329 1809 411 1859 Ex
450 1806 753 1860 Columella
793 1807 898 1859 hoc
924 1825 1161 1878 -quoque
1180 1847 1197 1874 ,

185 1895 237 1935 ut
276 1905 433 1956 snpra
478 1886 657 1939 visum
717 1899 794 1940 est
852 1886 995 1939 libro
1054 1887 1195 1953 XII,

186 1979 281 2034 cap.
326 1966 430 2030 433
470 1963 567 2018 sed
618 1964 688 2020 de
736 1965 959 2038 abiegna
1006 1969 1200 2039 popul·

186 2061 361 2116 neuque
396 2046 564 2099 scobe
600 2046 801 2100 mentio
840 2047 921 2098 illi
956 2059 1191 2109 tantum,

185 2120 239 2175 de
260 2125 445 2178 finxini
478 2125 629 2179 null·
656 2125 896 2180 omnino.
929 2127 1091 2180 Pnt‘r.
1116 2159 1197 2172 --

185 2200 289 2255 Sane
322 2209 406 2279 qui
444 2207 637 2258 malum
676 2225 795 2259 uvas
814 2245 829 2271 ,
880 2219 985 2260 otc.
1034 2207 1199 2261 Colu-

185 2283 329 2337 mella
358 2286 529 2340 verba
566 2286 683 2340 haec
719 2298 877 2339 sunt:
922 2312 943 2334 ι
965 2285 1197 2352 Quidam

184 2363 305 2417 arida
331 2367 605 2437 populnea
628 2403 645 2431 ,
679 2366 767 2418 vel
796 2366 1017 2436 abiegna
1040 2367 1199 2420 scobe

184 2443 353 2498 viride·
392 2463 526 2498 uvas
552 2443 875 2498 custodiunt.
907 2469 929 2492 ι
960 2445 1105 2500 Vide
1144 2459 1200 2500 et

183 2539 277 2594 cap.
302 2533 331 2589 4
340 2532 391 2590 4.
402 2525 789 2578 -Ramentt'sve
804 2527 993 2591 abietis,
1009 2527 1197 2597 populi,

182 2613 264 2656 etc.
306 2607 439 2658 Eam
466 2607 748 2668 materiam
790 2606 961 2659 Graeci
999 2619 1198 2660 vocant

182 2683 403 2755 {min-na
434 2686 550 2738 sive
572 2687 843 2756 ῥινῖσματα
865 2725 881 2752 ,
910 2686 1197 2757 πρίσματα,

181 2767 1195 2837 tthnuieuoera‚2mieuara‚*caputium-a.

181 2838 411 2914 Hippocr.
427 2845 526 2899 lib.
550 2843 621 2899 de
637 2845 802 2898 ulcer.
822 2847 1194 2917 ἶχθυῆματαᾙ.

244 2943 325 2995 ²7·
352 2925 531 2979 Malis.
578 2927 703 2978 Vct.
749 2927 936 2978 malim.
974 2925 1081 2980 En.
1113 2957 1197 2968 -—-

180 3001 337 3057 Pmcut
376 3006 539 3058 malis.
595 3003 791 3059 Procul
830 3024 860 3058 a
904 3023 1195 3078 pomorum

180 3081 366 3139 vicinio.
410 3087 586 3139 Docet
632 3085 735 3138 hoc
788 3087 963 3158 ipsum
1009 3099 1195 3138 auctor

181 3159 325 3236 Geop.
343 3165 441 3219 lib.
465 3167 551 3218 lv
572 3205 587 3231 ,
609 3184 725 3237 cap.
755 3173 823 3230 14
843 3205 859 3230 ‚
878 3185 1002 3244 pag.
1034 3166 1137 3220 115
1172 3184 1187 3217 ε

179 3247 491 3300 ἠλάττωται
558 3241 619 3298 δί
676 3246 727 3298 αἱ
779 3247 993 3318 ςαφυλαὶ
1010 3286 1025 3310 ,
1088 3259 1188 3300 etc.

182 3321 519 3391 -Servantnr,
583 3325 787 3398 inquit,
848 3315 965 3380 urae
1018 3327 1191 3379 multo

1283 1656 1506 1713 auctor,
1547 1665 1610 1701 ex
1652 1615 2000 1715 bennoni-ito,
2054 1651 2153 1708 nb.
2207 1653 2290 1707 1v
2313 1689 2329 1714 ,

1285 1745 1401 1797 cap.
1436 1746 1503 1798 9,
1535 1745 1657 1800 pag·
1698 1729 1802 1780 108
1845 1747 1859 1784 :
1893 1717 2066 1785 ffioetov
2115 1733 2330 1805 ῥοφήσας

1284 1807 1554 1877 πρόσρανον
1571 1847 1586 1872 ,
1608 1809 1775 1880 ὥσπερ
1807 1811 2064 1880 ὖμφυσῶν,
2088 1817 2199 1876 ταῖς
2237 1815 2334 1888 ἀμ·
2432 1811 2438 1818 ’

1283 1887 1476 1952 πίλοις,
1500 1887 1586 1940 καὶ
1619 1891 1732 1948 ταῖς
1755 1893 2028 1959 σταφυλαῖς
2054 1924 2071 1951 .
2093 1895 2178 1948 καὶ
2218 1899 2330 1958 ταῖς

1285 1967 1457 2028 ἄλλαις
1483 1967 1717 2039 ὀπώραις.
1735 1969 1956 2022 Lemma
1978 1972 2164 2043 capitis
2185 1988 2325 2028 erat:

1282 2047 1380 2107 ὥςε
1414 2053 1608 2116 σφῆκας
1655 2048 1724 2119 μὴ
1777 2049 2025 2104 ἅπτεσθαι
2059 2053 2328 2124 ἀμπέλων,

1284 2139 1385 2180 etc.
1411 2145 1721 2198 quanquam
1761 2141 1837 2182 est
1861 2131 2113 2202 proprie,
2143 2146 2202 2187 ut
2230 2155 2328 2189 suo

1284 2207 1405 2259 loco
1434 2207 1769 2270 monuimus,
1814 2209 2034 2274 crabro,
2079 2231 2190 2266 non
2237 2234 2331 2269 ve-

1290 2303 1382 2357 spa
1404 2325 1419 2350 ,
1446 2285 1592 2357 σφῆξ.
1622 2287 1808 2341 ΗΛιι).

1370 2385 1464 2436 ²9·
1510 2365 1592 2420 De
1613 2367 1810 2438 palmis.
1845 2369 1964 2422 Lib.
2007 2371 2142 2424 XIII
2166 2412 2180 2440 ‚
2211 2393 2328 2446 cap.

1287 2465 1341 2516 9.
1371 2444 1555 2499 Hau).
2313 2473 2326 2482 ·

1365 2526 1517 2579 XXI.
1537 2537 1564 2577 r
1572 2567 1587 2579 .
1599 2527 1654 2578 E
1662 2528 2152 2600 reliquo..pomomm.
2166 2534 2327 2587 Pomi

1273 2605 1638 2677 ‘appellatione
1677 2609 1823 2662 venit
1869 2610 2029 2663 etiam
2077 2611 2247 2676 ficus,
2273 2629 2328 2670 et

1282 2685 1428 2757 apud
1473 2685 1806 2755 Palladium,
1841 2689 1936 2742 lib.
1971 2691 2053 2742 1v
2089 2692 2146 2744 in
2183 2693 2328 2750 Mar·

1284 2766 1361 2819 tio
1383 2801 1399 2827 ,
1436 2767 1519 2819 tit:
1549 2765 1618 2818 de
1637 2767 1769 2821 ficu.
1825 2769 2135 2841 Elegantem
2163 2767 2237 2827 He
2263 2794 2324 2830 ea

1280 2863 1341 2898 re
1388 2844 1830 2918 disceptationem
1873 2849 1998 2902 vide
2029 2853 2175 2922 apud
2213 2855 2328 2910 Ma-

1280 2927 1433 2980 croB.
1453 2927 1666 2980 Saturn.
1694 2928 1792 2981 lib.
1815 2931 1903 2994 ΙΙ,
1935 2947 2051 3002 cap.
2086 2938 2179 2998 16,
2199 2953 2321 3008 pag.

1284 3003 1417 3075 378.
1468 3007 1545 3058 A·t
1595 3008 1770 3060 tenuit
1814 3008 2012 3064 deinde
2055 3031 2217 3082 usus,
2261 3031 2322 3072 ut

1280 3085 1739 3156 quemadmodum
1769 3090 2001 3156 caulium
2029 3097 2320 3164 appellatio

1278 3163 1588 3219 deflectet-et
1608 3185 1638 3220 a
1677 3169 1887 3240 generis
1931 3171 2320 3242 significatione

1278 3244 1347 3298 ad
1400 3245 1689 3299 brassicam
1733 3247 1982 3319 privatim
2031 3251 2316 3326 designan-

1281 3324 1404 3377 dam
1428 3364 1444 3388 ,
1470 3326 1542 3378 ita
1585 3345 1808 3398 pomum
1852 3347 1958 3398 pro
1989 3332 2128 3384 malo
2163 3354 2317 3407 cape-

182 3411 389 3476 tetupore
412 3445 429 3472 ,
466 3407 523 3458 in
553 3406 761 3459 horreis
790 3407 900 3459 sive
932 3407 1191 3478 granariis
1274 3396 1440 3458 retur.
1459 3405 1647 3458 Hsnn.

180 3479 403 3540 frumenti
450 3503 718 3557 suspensa
740 3525 756 3551 ‚
804 3488 1096 3558 praesertim
1144 3487 1188 3539 si

180 3561 475 3620 frumentum
506 3566 700 3637 saepius
731 3577 1007 3619 moveatur
1030 3586 1043 3619 τ
1063 3568 1187 3638 pul-

1362 3505 1412 3539 α.
1455 3484 1606 3537 Ficus
1645 3487 1937 3557 amplissc'mu
1980 3501 2067 3545 est.
2115 3492 2317 3551 Graecis

1275 3565 1622 3636 proverbium
1644 3580 1720 3618 est
1754 3573 1898 3621 σῦκον
1929 3569 2100 3640 σὺκῳ)
2128 3571 2196 3627 de
2228 3594 2318 3629 re-

180 3641 388 3698 vimnim
418 3643 549 3698 inde
592 3647 875 3712 excitatus,
914 3647 1029 3700 uvis
1066 3665 1190 3719 quae
1274 3646 1379 3698 bus
1407 3639 1562 3697 valde
1589 3645 1850 3700 similibus
1869 3688 1885 3713 ‚
1907 3661 1968 3702 ut
1995 3669 2156 3704 ovum
2184 3674 2318 3724 ovn,

180 3721 387 3789 pendent
406 3723 645 3779 insidens
670 3766 687 3792 ‚
724 3727 1022 3798 plurimum
1055 3745 1185 3780 con·
1270 3725 1359 3791 lac
1386 3725 1507 3778 lacti
1529 3763 1544 3790 ,
1575 3745 1712 3798 aqua
1756 3746 1922 3798 aquae.
1966 3730 2176 3786 Priscus
2209 3731 2319 3791 Co·

182 3799 265 3856 fen
284 3805 349 3858 ad
376 3803 807 3861 diuturnitatem.
830 3831 853 3854 ι
883 3807 1004 3860 Pira
1031 3808 1177 3860 simi·

182 3879 283 3936 liter
324 3883 683 3954 commendat·
715 3887 947 3941 Martial.
993 3887 1086 3940 lib.
1118 3889 1178 3952 Ι,

181 3977 251 4028 ep.
274 3982 394 4019 xuv
415 3983 431 4018 x
460 3967 639 4032 ·Qnoe
665 3967 807 4020 lenta
828 3965 1069 4038 pendent
1094 3987 1181 4022 re-

181 4037 313 4110 ligata
332 4045 550 4116 genista.
586 4073 610 4096 ι
648 4046 829 4100 Han.

252 4125 332 4177 28.
362 4127 547 4180 Contra
588 4147 781 4198 vespas.
818 4128 899 4181 Ita
942 4127 1197 4202 Geopon.

1266 3807 1437 3869 micus
1478 3805 1622 3876 apud
1659 3807 2008 3863 Ciceronem:
2041 3815 2205 3886 σύκῳ,
2244 3819 2319 3890 μὰ

1268 3887 1359 3944 τὴν
1403 3887 1675 3958 Δήμητρα,
1712 3893 1855 3941 σῦκον
1907 3885 2022 3944 οὐδὲ
2067 3896 2114 3946 ἓν
2159 3898 2320 3960 οὕτως

1278 3967 1443 4037 ὅμοιον
1476 3970 1694 4038 γέγονεν.
1729 3967 1936 4023 Victor.
1965 3991 2081 4044 cap.
2115 3973 2146 4028 5
2168 4015 2184 4040 ,
2213 3979 2285 4030 36
2304 4020 2320 4045 ,

1222 4101 1229 4110 ,
1286 4046 1381 4118 37.
1433 4050 1758 4102 DAchnn‘.
1806 4081 1887 4094 —-
1933 4049 2084 4105 Ficus
2141 4061 2320 4114 carica.

1289 4121 1474 4188 (Dt’oec.
1525 4125 1706 4181 triand.
1763 4147 1882 4200 gen.
1943 4133 2124 4200 2193,
2172 4137 2345 4208 Pers.-

1915 4249 2052 4345 27²
