2984 5009
520 1380 543 1416 1

572 473 618 553 4
1113 472 1194 538 C.
1249 464 1583 537 PLINII
1636 469 1845 539 NAT.
1894 466 2154 536 HIST.

567 605 718 698 jure
752 601 1046 684 luxuriae,
1077 600 1310 669 eodem
1348 601 1550 670 ebore
1583 598 1971 695 numinum?
2000 624 2117 669 ora
2138 614 2619 695 spectarentur,
2640 614 2709 668 ‘et

575 733 953 779 mensarum
991 706 1212 801 pedes.
1251 706 1553 776 Produnt
1584 706 1861 801 Alpibus
1903 708 2263 796 coercitaS,
2310 722 2379 776 et
2418 722 2560 776 tum
2599 708 2704 773 in-

574 812 1016 909 exsuperabili
1051 815 1464 882 munimento
1512 811 1759 883 Gallias
1778 866 1797 898 ,
1851 813 2024 883 hanc
2072 814 2359 907 primum
2400 812 2713 881 habuisse

577 946 844 993 causam
879 919 1402 1014 superfundendi
1427 944 1501 987 se
1514 909 1751 1007 Italiae,
1776 919 1960 1013 quod
1978 919 2209 989 Helico
2222 918 2271 943 ¹⁰
2289 934 2371 987 ex
2388 919 2713 987 Helvetiis

577 1030 738 1097 civis
761 1050 989 1097 earum
1005 1076 1023 1110 ,
1058 1024 1359 1095 fabrilem
1385 1025 1472 1093 ob
1498 1040 1713 1094 artem
1742 1029 1975 1095 Romae
1998 1040 2486 1113 commoratus,
2509 1026 2713 1094 ficum

567 1138 824 1205 -siccam
845 1147 916 1201 et
945 1155 1144 1202 uvam
1161 1184 1180 1218 ,
1206 1130 1463 1224 oleique
1486 1154 1567 1200 ac
1594 1134 1729 1200 vini
1753 1131 2147 1226 praemissa¹¹
2169 1156 2473 1200 remeans
2490 1155 2715 1199 secum

581 1240 854 1310 tulisset.
888 1240 1318 1332 Quapropter
1344 1236 1486 1307 hoec
1523 1236 1629 1307 vel
1666 1237 1843 1307 bello
1874 1240 2183 1331 quaesisse
2214 1239 2413 1307 venia
2448 1240 2551 1306 sit.

690 1349 816 1416 ΙΙΙ.
855 1343 989 1415 Sed
1034 1345 1179 1437 quis
1225 1368 1359 1411 non
1390 1343 1541 1437 jure
1584 1345 1898 1429 miretur,
1934 1346 2240 1413 arborem
2276 1345 2533 1413 umbrae
2570 1366 2719 1437 gra-

585 1454 672 1522 tia
694 1452 709 1475 ¹
753 1465 1012 1521 tantum
1057 1475 1140 1518 ex
1181 1448 1396 1518 alieno
1433 1452 1707 1543 petitam
1759 1448 1965 1520 orbe?
2013 1448 2361 1519 Platanus²
2401 1449 2545 1519 haec
2584 1464 2722 1535 est,

668 1674 724 1722 9.
755 1653 1034 1706 Numinum.
1080 1650 1416 1721 proponebat
1450 1650 1607 1705 Dale-

589 1750 762 1804 camp.
787 1732 1026 1784 hominum
1041 1770 1058 1796 ,
1078 1744 1223 1784 mera
1244 1744 1298 1783 et
1317 1731 1466 1783 inani
1488 1750 1615 1784 con-

585 1816 812 1885 jectura.
833 1812 936 1863 En.

680 1910 765 1946 10.
799 1891 990 1942 Helico.
1025 1888 1170 1942 Edit.
1205 1902 1326 1943 ante
1350 1889 1614 1943 Harduin.

597 1973 756 2024 Elico.
791 1971 900 2023 En.
929 1968 1615 2024 —EarumJ-lelvetiarum

593 2050 810 2105 scilicet.
829 2048 1012 2103 Hann-

684 2148 708 2183 1
727 2152 772 2181 x.
805 2129 1084 2182 Praemissa.
1123 2130 1204 2182 Ita
1246 2130 1370 2183 libri
1415 2148 1618 2183 omnes.

597 2210 921 2279 Diligentem
951 2208 1206 2279 exquisiti
1253 2211 1360 2262 olei
1404 2229 1468 2263 nc
1506 2208 1621 2261 vini

597 2288 864 2342 delectum
903 2305 964 2340 ea
1006 2306 1110 2340 vox
1153 2288 1450 2360 significare
1487 2288 1624 2339 mihi

599 2368 833 2433 videtur,
853 2368 952 2421 etsi
973 2367 1128 2421 aliter
1154 2368 1296 2423 forte
1315 2366 1623 2437 Rhodigino

602 2450 802 2512 visum,
836 2448 932 2499 lib.
961 2445 1068 2511 VI,
1105 2464 1222 2515 cap.
1255 2450 1308 2499 6.
1345 2446 1529 2498 Livius
1551 2444 1625 2512 V,

607 2529 680 2580 33
699 2564 716 2591 ,
743 2527 1022 2579 Gallorum
1049 2537 1260 2595 gentem
1289 2544 1352 2579 ex
1372 2525 1521 2595 vulgi
1552 2523 1625 2577 sa-

605 2625 694 2659 ma
715 2602 894 2669 tradit,
907 2602 1190 2657 dulcedine
1203 2605 1418 2676 ,frugum
1429 2644 1443 2665 ,
1465 2604 1629 2657 maxi-

605 2702 798 2755 meque
836 2684 947 2737 vini
996 2702 1136 2737 nova
1179 2696 1298 2735 tum
1350 2685 1627 2754 voluptate

607 2776 839 2836 captam,
868 2764 1029 2833 Alpes
1060 2764 1304 2817 transisse
1321 2804 1336 2825 ,
1367 2780 1627 2835 agrosque

608 2845 684 2897 ab·
705 2842 940 2895 Etruscis
971 2855 1096 2894 ante
1121 2844 1290 2896 cultos
1311 2841 1625 2913 possedisse.

607 2924 790 2975 Hui).
817 2953 898 2965 -—
923 2921 1084 2973 Cons.
1118 2933 1169 2973 et
1185 2920 1254 2975 ad
1276 2922 1421 2975 hunc
1447 2924 1629 2974 locum

607 3002 879 3057 Plutarch.
922 3000 981 3053 in
1020 3000 1282 3066 Camillo,
1319 3020 1442 3073 pag.
1499 3000 1626 3058 135,

609 3080 702 3152 qui
744 3080 1012 3133 invectu-m
1053 3080 1110 3131 in
1147 3079 1375 3135 Galliam
1409 3082 1629 3145 vinum,

608 3160 888 3214 illiciendae
901 3159 1074 3231 gentis
1095 3174 1247 3212 causa
1265 3199 1280 3225 ,
1303 3161 1370 3213 ab
1396 3161 1628 3226 Arume,

607 3240 754 3293 claro
795 3240 852 3293 in
905 3238 1118 3292 Etruria
1159 3240 1306 3302 viro,
1357 3241 1630 3293 memoriae

609 3318 812 3391 prodit.
839 3319 968 3389 Ejus
991 3318 1075 3370 rei
1105 3318 1337 3372 fortassis
1353 3320 1599 3390 exemplo
1615 3358 1632 3384 ,

607 3400 958 3469 imperatores
979 3398 1388 3451 Valentinianus
1420 3412 1476 3451 et
1502 3399 1635 3452 Gra-

611 3478 786 3531 tianus
798 3478 854 3531 in
870 3477 1068 3533 Codice
1095 3478 1402 3548 prohibent,
1419 3478 1487 3531 ad
1512 3480 1631 3532 bar·

609 3558 769 3612 baron
803 3559 1020 3623 vinum,
1055 3558 1234 3611 oleum
1277 3570 1332 3610 et
1362 3558 1633 3629 liquamen

614 3639 929 3703 transferre,
955 3656 1024 3689 ne
1043 3649 1223 3707 gustus
1241 3635 1458 3707 quidem
1479 3656 1635 3691 causa

611 3729 704 3769 aut
721 3716 1044 3769 commercii.
1063 3716 1268 3785 Magius
1292 3715 1434 3787 apud
1455 3718 1633 3771 Delec-

611 3796 709 3849 lib.
739 3794 848 3859 111,
880 3814 995 3866 cap.
1028 3814 1117 3849 ια.
1145 3795 1247 3847 En.

691 3876 793 3927 111.
820 3894 841 3927 1
861 3914 871 3927 .
891 3874 1083 3927 Umbroe
1101 3876 1283 3944 gmtia.
1311 3874 1390 3929 Ex
1401 3893 1507 3947 qua
1522 3877 1636 3929 fru-

609 3967 727 4007 ctus
769 3955 929 4019 alius,
994 3966 1348 4025 preterquam
1397 3957 1599 4010 umbra
1616 3994 1631 4015 ,

529 4115 532 4120 Ι
609 4034 816 4105 percipi
836 4034 1016 4087 nullus
1043 4034 1224 4105 possit.
1253 4034 1432 4089 Han.

695 4132 745 4165 a.
771 4114 1012 4166 Plataems
1031 4114 1134 4166 haec
1149 4126 1243 4179 est,
1269 4134 1411 4178 mare,
1434 4128 1536 4170 etc.
1549 4115 1632 4169 Ita

1698 1647 1861 1705 codd.
1890 1650 2057 1707 Hard.
2098 1652 2269 1705 Vetus
2286 1648 2431 1721 apud
2460 1650 2637 1703 Delec.
2666 1668 2727 1701 ea

1699 1745 1785 1785 est.
1816 1732 1944 1785 Hoec
1964 1752 2055 1803 per
2072 1751 2221 1783 mare.
2250 1732 2430 1783 Dalec.
2462 1730 2642 1783 Elzev.
2672 1741 2728 1782 et

1700 1814 1768 1865 al.
1802 1825 1921 1865 ante
1949 1810 2114 1865 Han-d.
2156 1812 2259 1862 haec
2293 1822 2395 1875 est,
2441 1822 2533 1881 per·
2574 1830 2721 1861 mare.

1702 1892 2038 1944 —Platanus
2054 1930 2069 1957 ,
2097 1904 2196 1943 etc.
2226 1890 2355 1943 Haec
2381 1901 2459 1943 est
2486 1890 2727 1941 Platonas

1700 1972 1950 2024 orientalis
1972 1972 2093 2023 Lin.
2108 1966 2335 2033 (Monoec.
2354 1968 2586 2043 polyand.
2603 1984 2725 2039 gen.

1710 2054 1855 2106 2108
1874 2089 1890 2116 ,
1927 2052 2070 2104 Pers.
2100 2053 2358 2103 Amentao-
2392 2039 2586 2117 Just),
2616 2062 2729 2100 m'a-

1707 2150 1810 2203 gna
1842 2144 1895 2184 et
1923 2147 2143 2201 procera
2173 2130 2363 2193 arbor,
2401 2128 2580 2182 multis
2605 2127 2733 2180 vali-

1708 2210 1897 2281 disque
1921 2208 2192 2261 radicibus
2218 2209 2343 2261 nix-a
2360 2248 2375 2275 ,
2396 2226 2574 2261 ramos
2596 2222 2735 2279 prat·-

1708 2291 1922 2359 longoe,
1944 2288 2157 2358 patulos
2184 2300 2237 2342 et
2260 2286 2543 2341 frondibus
2576 2288 2731 2339 luxu-

1708 2368 1900 2420 riantes
1915 2368 2017 2419 late
2029 2384 2309 2437 spat-genu
2330 2379 2385 2419 et
2400 2366 2523 2420 inde
2532 2382 2731 2419 nomen

1710 2448 1791 2499 illi
1817 2465 1846 2499 a
1874 2464 2049 2517 graeco
2073 2447 2287 2512 πλάτος,
2326 2444 2587 2510 latitudo,
2621 2446 2733 2498 sive

1709 2535 1743 2579 ‘a
1764 2530 1995 2579 πλατὺνω
2012 2566 2027 2591 ,
2066 2526 2266 2591 dilato,
2294 2527 2349 2577 in
2384 2525 2549 2579 latum
2579 2522 2737 2577 didu-

1714 2626 1797 2659 co.
1841 2606 2101 2676 Antiquos
2144 2606 2285 2659 inter
2326 2606 2605 2675 scriptores
2642 2605 2734 2657 vix

1712 2686 1947 2757 reperias
1968 2686 2140 2738 ullum
2158 2717 2175 2744 ‚
2210 2686 2303 2756 qui
2334 2686 2451 2755 ejus
2480 2704 2593 2737 non
2620 2702 2737 2736 me·

1712 2766 1947 2818 minei-it.
1960 2766 2170 2817 Nullam
2188 2765 2333 2818 enim
2357 2782 2423 2816 ex
2442 2764 2739 2837 peregrinis

1714 2846 1957 2898 arborem
1992 2858 2271 2915 tantopere
2304 2845 2363 2895 in
2396 2841 2606 2897 deliciis
2628 2845 2737 2897 Ro-

1714 2926 1857 2977 mani
1899 2942 2149 2995 proceres
2191 2924 2454 2989 habuere,
2492 2924 2587 2995 qui
2627 2923 2739 2995 pla-

1712 3016 1865 3057 tanos
1894 3005 1949 3056 in
1979 3005 2141 3069 villis,
2184 3005 2352 3056 hortis
2371 3041 2385 3064 ,
2425 3002 2740 3057 ambulacris

1716 3102 1920 3135 summa
1979 3100 2107 3135 cura
2159 3080 2415 3145 consitas,
2467 3081 2737 3153 diligentia

1714 3161 2017 3215 incredibili
2049 3163 2327 3225 colebant,
2348 3162 2555 3215 umbrie
2583 3161 2741 3215 dum-

1716 3254 1854 3294 taxat
1908 3242 2089 3311 gratia.
2146 3240 2364 3313 Quippe
2410 3260 2510 3294 nec
2562 3242 2743 3315 arbori

1716 3316 1925 3373 'fructus
1946 3319 2117 3374 edulia
2138 3360 2153 3386 ,
2184 3339 2351 3393 quare
2374 3322 2552 3373 sterilis
2564 3323 2745 3392 virgi·

1716 3399 1791 3453 lio
1816 3398 2013 3453 dicitur
2032 3402 2231 3472 Georg.
2254 3401 2336 3466 11,
2366 3420 2461 3467 703
2482 3418 2583 3453 nec
2602 3401 2745 3453 illius

1718 3477 1785 3532 ad
1812 3479 2178 3533 sustentandas
2201 3480 2335 3534 vites
2352 3519 2368 3543 ,
2398 3480 2531 3531 ulmi
2553 3480 2743 3543 instar,

1720 3558 1949 3625 utilitum
1982 3558 2126 3613 unde
2157 3560 2367 3613 coelibem
2394 3578 2507 3612 eam
2534 3561 2743 3633 elegan-

1722 3651 1803 3691 ter
1849 3640 2102 3693 Horatius
2148 3640 2381 3712 nppellat
2430 3640 2608 3695 Carm.
2658 3640 2743 3697 11.

1734 3720 1799 3771 15
1820 3756 1836 3782 ,
1878 3726 1928 3783 4.
1972 3720 2147 3772 Unica
2174 3723 2287 3791 ejus
2314 3718 2707 3773 commendatio
2727 3758 2746 3783 ,

1723 3798 1946 3850 unicum
1978 3796 2140 3851 decus
2164 3837 2180 3863 ,
2216 3812 2269 3853 et
2294 3798 2352 3851 id
2380 3798 2598 3869 quidem
2627 3799 2749 3851 bre-

1722 3876 2011 3943 vissimum,
2024 3878 2137 3933 scil.
2160 3898 2339 3950 opace
2360 3876 2567 3931 frondis
2583 3896 2747 3931 amoe·

1722 3956 1877 4021 nitas,
1905 3976 2009 4030 qua
2030 3976 2128 4031 per
2153 3972 2377 4013 aestatem
2400 3970 2644 4029 potantes
2662 3976 2750 4029 ge·

1721 4036 1922 4107 nioque
1948 4056 2045 4092 suo
2080 4037 2411 4109 indulgentes
2444 4040 2712 4093 recreabat
2732 4076 2751 4101 ,

1718 4116 1926 4185 genialis
1953 4120 2077 4172 inde
2099 4132 2406 4190 nuncupata
2430 4117 2592 4174 ovid.
2615 4118 2743 4171 Met.
