2984 5009
710 389 855 540 ἰιίδ

1256 455 1335 524 C.
1390 456 1722 524 PLINII
1773 457 1986 526 NAT.
2039 457 2298 526 HIST.

710 588 911 682 pendi
930 641 951 674 ‚
978 584 1241 657 exclusa
1266 592 1451 682 omni
1477 575 1679 658 aura⁶
1707 589 2026 684 operculo
2056 605 2124 658 et
2161 613 2408 684 gyps03
2427 592 2520 659 sic
2543 605 2608 660 et
2621 587 2807 672 sorba,

712 719 793 764 ac
836 697 1024 790 pira:
1068 693 1245 764 illitis
1292 697 1590 764 omnium
1637 695 1960 765 surculis⁷
2005 698 2174 790 pice.
2233 695 2432 765 Dolia
2482 696 2700 791 procul
2741 696 2809 764 ab

714 825 885 897 aqua
930 825 1093 871 esse.
1140 801 1430 892 Quidam
1470 789 1611 872 sic⁸
1653 827 1806 873 cum
1843 801 2116 896 palmite
2152 804 2218 871 in
2262 827 2470 897 gypso
2515 803 2811 886 condunt,

645 922 675 972 5
714 906 1075 1003 capitibus⁹
1132 909 1273 1002 ejus
1315 906 1515 978 scillae
1557 907 1774 978 infixis
1825 911 2176 1002 utrimque.
2223 909 2354 978 Alii
2403 908 2658 979 etiam¹⁰
2685 909 2812 976 vina

714 1015 1106 1084 habentibus
1164 1013 1362 1084 doliis
1385 1067 1405 1100 ,
1462 1015 1624 1084 dum
1682 1039 1766 1084 ne
1819 1016 2210 1109 contingant
2261 1039 2340 1083 ea
2397 1041 2563 1084 uvae.
2626 1013 2809 1107 Aliqui

710 1120 945 1190 mala¹¹
982 1123 1053 1189 in
1092 1123 1333 1215 patinis
1376 1120 1690 1190 fictilibus
1731 1121 2054 1190 fluitantia
2085 1146 2102 1188 τ
2133 1146 2270 1214 quo
2313 1146 2558 1216 genere
2583 1136 2650 1190 et
2681 1123 2810 1190 vino

712 1228 987 1298 odorem
1016 1228 1265 1322 acquiri
1288 1242 1543 1321 putant.
1561 1226 1778 1322 Aliqui
1801 1229 2024 1296 omnia
2046 1228 2092 1254 ²²
2111 1227 2256 1296 haec
2279 1230 2348 1296 in
2381 1227 2566 1296 milio
2587 1250 2814 1297 servare

714 1334 989 1402 malunt.
1025 1333 1331 1429 Plerique
1374 1358 1536 1403 vero
1571 1337 1640 1402 in
1675 1335 1912 1402 scrobe
1952 1333 2162 1402 duum
2197 1334 2450 1428 pedum
2495 1332 2815 1403 altitudinis

717 1465 915 1510 arena
972 1440 1343 1526 substrato,
1387 1455 1455 1509 et
1503 1440 1689 1510 fictili
1741 1439 2094 1534 operculo,
2153 1440 2307 1509 dein
2371 1454 2552 1509 terra
2597 1453 2814 1534 operto.

715 1551 917 1617 Creta
944 1547 1213 1640 quidam
1238 1549 1437 1616 etiam
1474 1545 1704 1641 figlina
1733 1571 1895 1616 uvas
1933 1545 2229 1632 illinunt,
2262 1548 2666 1641 siccatasque
2707 1541 2814 1613 sole

716 1653 1161 1748 suspendunt;
1183 1655 1250 1721 in
1270 1679 1395 1722 usu
1414 1707 1433 1740 ‚
1460 1652 1784 1722 diluentes
1805 1667 2080 1724 cretam.
2109 1653 2432 1722 Eamdem
2464 1655 2673 1748 pomis
2690 1653 2816 1719 vino

716 1745 1116 1854 subigunt²³.
1170 1757 1355 1828 Mala
1396 1785 1561 1828 vero
1604 1761 2106 1854 generosissima
2153 1759 2388 1828 eadem
2427 1762 2674 1829 ratione
2705 1780 2817 1825 cru·

717 1880 893 1934 stant
918 1891 1127 1961 gypso
1158 1865 1264 1935 vel
1302 1890 1455 1935 cera
1481 1892 1497 1933 ε
1529 1892 1678 1962 quae
1713 1868 1841 1937 nisi
1871 1853 2409 1946 maturuerint¹⁴‚
2449 1869 2816 1935 incremento

800 2078 853 2128 6.
894 2075 1115 2128 Exclusa
1138 2079 1267 2127 omni
1290 2096 1431 2129 aura.
1464 2076 1547 2128 Ne
1575 2077 1744 2130 intro·

719 2155 799 2208 ire
822 2155 1040 2228 spiritus
1070 2155 1252 2226 possit.
1288 2157 1502 2210 Colum.
1527 2177 1580 2227 p.
1612 2157 1746 2221 451.

718 2231 901 2288 Ham.

804 2333 855 2384 7.
878 2313 1105 2367 Omnium
1132 2314 1351 2366 surculis.
1379 2313 1496 2367 Hoc
1511 2326 1589 2366 est
1609 2353 1626 2378 ‚
1655 2334 1750 2384 pe-

720 2391 943 2456 diculis,
993 2393 1101 2445 sive
1132 2393 1360 2464 petiolis.
1387 2393 1602 2446 Colum.
1632 2411 1750 2464 pag.

726 2474 831 2536 445
861 2491 873 2527 :
919 2496 939 2516 ι
964 2473 1108 2526 Uvas
1159 2492 1323 2544 quum
1370 2469 1667 2526 desecueris
1721 2491 1754 2526 a

721 2554 829 2606 vite
854 2590 871 2616 ‚
923 2552 1180 2606 contiuuo
1238 2551 1516 2624 pediculos
1566 2570 1752 2606 eorum

722 2633 971 2704 impicato
1022 2629 1156 2684 dura
1208 2631 1345 2701 pice.
1372 2659 1393 2678 .
1452 2632 1525 2684 Et
1575 2631 1750 2686 infra:

723 2735 746 2756 ι
770 2714 867 2784 pix
888 2713 1118 2774 ferveat,
1145 2710 1203 2762 in
1228 2730 1337 2780 qua
1370 2709 1602 2782 pediculi
1633 2730 1756 2764 uva·

722 2811 843 2844 rum
868 2791 1040 2844 statim
1071 2789 1434 2844 demittantur.
1460 2816 1481 2835 ι
1527 2790 1711 2843 ΗΑιιι).

802 2872 858 2925 8.
885 2871 1097 2940 Quidam
1122 2872 1207 2922 sic.
1250 2871 1467 2923 Colum.
1499 2889 1554 2942 p.
1593 2876 1704 2939 447
1735 2889 1749 2920 ε

728 2950 1052 3003 «Nonnullis
1092 2948 1233 3002 sicco
1273 2947 1406 3002 flore
1458 2949 1614 3020 gypsi
1655 2949 1754 3002 ob-

725 3044 889 3085 ruunt
913 3048 1041 3082 uvas
1059 3068 1075 3094 ‚
1102 3047 1232 3100 quas
1256 3048 1367 3082 non
1390 3029 1620 3082 nimium
1644 3047 1754 3081 ma·

726 3123 867 3164 turas
898 3108 1090 3162 vitibus
1117 3106 1481 3162 detraxerunt.
1508 3135 1531 3157 ι
1569 3111 1751 3162 Ham.

809 3208 861 3256 9.
882 3187 1151 3258 Capitibus.
1174 3189 1416 3260 Utroque
1440 3189 1610 3260 capite
1633 3191 1757 3240 rami

726 3268 895 3332 illius,
935 3289 995 3320 ex
1022 3289 1117 3340 quo
1150 3288 1240 3320 uva
1260 3267 1463 3339 pendet,
1501 3269 1559 3320 in
1595 3268 1755 3322 scillae

726 3349 935 3400 radicem
965 3349 1149 3402 infixo·
1182 3347 1365 3402 Ilum.

816 3448 899 3482 ιο.
926 3428 1038 3480 Alii
1057 3431 1218 3480 etiam.
1246 3428 1454 3482 Colum.
1473 3446 1594 3499 pag.
1623 3427 1758 3492 445,

730 3509 899 3561 multo
934 3509 1152 3562 uberius
1192 3508 1336 3560 hunc
1374 3509 1553 3560 locum
1585 3507 1762 3577 expla-

728 3601 820 3641 nat
838 3622 855 3648 ,
882 3607 1045 3660 quem
1062 3587 1299 3642 consule.
1336 3587 1518 3639 Hum.

817 3686 837 3721 1
858 3686 904 3720 ι.
934 3669 1109 3737 Aliqui
1134 3668 1280 3720 mala.
1303 3667 1367 3718 In
1406 3667 1569 3718 ollam
1615 3665 1754 3720 ficti-

728 3747 835 3798 lem
870 3766 1060 3799 novam
1101 3747 1367 3811 immissa,
1409 3747 1516 3798 olla
1557 3743 1755 3800 deinde

730 3826 786 3876 in
814 3825 925 3877 vini
966 3824 1166 3878 dolium
1194 3826 1472 3890 immersa,
1505 3826 1578 3878 itu
1615 3837 1676 3879 ut
1705 3826 1754 3880 ei

728 3905 932 3957 innatet
961 3923 974 3955 ε
1010 3903 1066 3956 id
1088 3905 1233 3958 enim
1254 3905 1299 3958 si
1340 3905 1463 3970 (iat,
1492 3919 1545 3959 et
1571 3923 1757 3958 recen·

730 3984 803 4036 tia
833 4002 1044 4054 semper
1075 3985 1209 4038 mala
1261 3999 1417 4038 erunt
1438 4023 1454 4048 ,
1480 3999 1535 4039 et
1569 3987 1754 4038 vinum

728 4063 903 4134 ipsum
933 4061 1221 4118 odoratum
1240 4103 1255 4132 ,
1296 4065 1473 4136 inquit
1499 4065 1758 4138 Apuleius

1834 2077 2108 2130 Romanus
2129 2077 2187 2128 in
2209 2077 2384 2147 Geop.
2403 2077 2502 2130 lib.
2525 2077 2602 2141 X,
2623 2093 2725 2147 cap.
2749 2092 2818 2136 ιιι,

1836 2178 1891 2230 p.
1909 2157 2016 2211 263
2040 2177 2052 2209 :
2078 2158 2162 2218 Εἰς
2174 2160 2356 2227 χύτραν
2373 2157 2540 2214 καινὴν
2565 2159 2816 2226 inutilius·

1838 2241 1963 2308 πίθῳ
1997 2238 2166 2307 οἰνηρῷ
2199 2243 2286 2297 τῆς
2315 2240 2498 2306 χύτρας
2523 2234 2816 2306 speratum·

1844 2317 1943 2376 ὧςι
1977 2320 2116 2370 πλεῖν
2151 2317 2371 2380 ταύτην,
2409 2321 2495 2368 τοῦ
2517 2318 2652 2370 πίθου
2677 2317 2820 2382 {myt-

1841 2397 2037 2456 σθίντος
2053 2431 2070 2458 ,
2102 2397 2214 2455 leat
2241 2398 2359 2452 νέα,
2385 2397 2408 2447 ὁ
2437 2391 2497 2448 δὲ
2519 2389 2635 2450 οἶνος
2657 2389 2818 2450 εὐώδης·

1841 2471 2004 2540 Quod
2043 2487 2096 2528 et
2137 2473 2476 2526 Democritus
2504 2474 2688 2546 repetit
2717 2473 2748 2524 l.
2782 2489 2818 2522 c.

1842 2571 1962 2624 cap·
1992 2555 2084 2618 28,
2107 2571 2228 2624 pag.
2255 2556 2388 2622 267.
2417 2551 2600 2608 Ηιιιο.

1931 2651 1951 2686 1
1969 2651 2022 2686 a.
2049 2633 2226 2703 Aliqui
2250 2635 2427 2683 omnia.
2457 2633 2520 2684 In
2541 2631 2710 2696 milio,
2727 2627 2819 2682 Pal-

1839 2710 2044 2774 ladius,
2102 2712 2199 2766 lib.
2231 2712 2314 2764 111
2353 2713 2411 2763 in
2437 2711 2592 2764 Febr.
2629 2711 2700 2764 tit.
2738 2709 2820 2768 25,

1841 2811 1964 2866 pag.
1995 2797 2086 2862 76.
2113 2793 2178 2844 In
2199 2789 2404 2844 hordeo
2423 2830 2440 2856 ‚
2467 2810 2536 2844 ne
2553 2799 2823 2862 pau-escant.

1842 2871 2106 2942 Apuleius
2118 2909 2135 2934 ,
2153 2869 2192 2924 l.
2210 2889 2258 2924 c.
2286 2871 2471 2924 Hnm.

1929 2969 1952 3003 ι
1967 2953 2018 3004 3.
2067 2951 2120 2998 V
2117 2954 2198 3002 ino
2249 2951 2498 3020 subigunt.
2561 2949 2659 3002 vel
2699 2963 2819 3018 aqua.

1844 3029 2145 3085 Columella
2161 3069 2176 3093 ,
2199 3029 2294 3082 lib.
2317 3031 2456 3096 XII,
2477 3049 2590 3102 cap.
2616 3035 2679 3093 44
2696 3067 2710 3092 ,
2731 3043 2819 3094 pag·

1849 3111 1960 3172 448
1984 3127 1997 3162 :
2027 3132 2048 3152 ‹-
2069 3107 2178 3163 Sed
2207 3121 2260 3162 et
2283 3109 2444 3182 Mago
2472 3106 2822 3179 Carthaginien·

1844 3190 1913 3242 sis
1947 3202 2132 3242 auctor
2167 3202 2273 3246 est,
2314 3203 2458 3242 creta
2499 3189 2696 3262 figulari
2720 3187 2822 3237 huie

1845 3271 2056 3322 subacta
2093 3269 2330 3328 recentia
2379 3269 2518 3324 mala
2557 3287 2710 3321 crasse
2745 3261 2824 3316 illi·

1845 3349 1993 3414 nire,
2020 3360 2072 3401 et
2099 3367 2268 3420 quum
2298 3348 2482 3418 argilla
2510 3348 2730 3409 exaruit,
2755 3343 2824 3394 fri·

1845 3426 1973 3499 gido
2008 3427 2134 3480 loco
2165 3426 2508 3498 suspendere.
2552 3429 2670 3480 Mox
2693 3439 2824 3495 quum

1848 3508 2079 3578 exegerit
2101 3527 2224 3562 usus
2239 3547 2255 3570 ‚
2282 3509 2339 3560 in
2365 3525 2558 3579 aquam
2577 3505 2822 3560 demittat.

1851 3601 1905 3641 et
1973 3601 2172 3652 cretam
2235 3587 2520 3640 resolvere.
2567 3585 2682 3638 Haec
2719 3579 2820 3634 ratio

1852 3680 2120 3738 tamquam
2180 3667 2594 3720 recentissimum
2645 3675 2820 3736 pomum

1841 3743 2093 3800 custodit.
2125 3773 2147 3792 ι
2173 3746 2359 3798 Han.

1931 3832 2020 3888 14.
2054 3827 2182 3896 Quoe
2217 3828 2313 3878 nisi
2337 3828 2661 3878 maturuerint.
2681 3821 2821 3873 Matu-

1843 3905 2049 3959 rissima
2075 3905 2276 3959 idcirco
2295 3906 2400 3976 legi
2441 3904 2668 3978 proecipit
2695 3897 2822 3951 Colu-

1845 3986 2032 4052 mella,
2053 3987 2090 4038 1.
2123 4004 2172 4038 c.
2195 4004 2315 4056 pag.
2335 3985 2464 4048 450.
2489 3985 2552 4037 In
2565 3981 2698 4036 MSS.
2717 3977 2820 4042 Reg-

1846 4065 2001 4120 Colb.
2043 4086 2070 4119 2
2085 4105 2101 4132 ,
2143 4065 2326 4120 Chiffl.
2369 4065 2477 4119 Th.
2519 4057 2821 4116 maturam&-
