2984 5009
677 445 772 515 60

1229 449 1308 516 C.
1353 448 1693 519 PLINII
1745 448 1964 520 NAT.
2016 448 2277 515 HIST.

677 578 972 673 pastibus
1023 580 1399 667 matutinis,
1459 606 1669 676 quum
1698 595 1799 651 est
1836 578 2177 651 rorulenta
2230 581 2513 673 Cypros.
2562 580 2837 651 Deinde

676 683 922 753 nebula
964 684 1102 755 sole
1151 686 1446 757 discuesa
1473 742 1493 773 ‚
1536 686 1881 783 pulverem
1917 686 2341 757 madentibus
2384 684 2553 755 villis
2596 686 2835 758 adhae·

681 814 939 861 rescere
959 844 980 879 ‚
1021 806 1220 887 atque
1255 795 1348 863 ita
1388 794 1701 865 ladanum
1735 794 2021 889 depecti.

785 900 956 967 Sunt
993 901 1110 993 qui
1145 899 1495 970 herbam'¹·
1527 904 1597 971 in
1633 903 1861 997 Cypro
1890 952 1910 985 ‚
1954 926 2035 970 ex
2075 924 2207 995 qua
2260 899 2331 969 id
2392 899 2547 987 fiat,
2598 898 2831 971 ledam

677 1082 790 1117 non
811 1062 1070 1134 judicans.
1119 1066 1241 1119 Duo
1290 1066 1503 1120 interim
1534 1067 1705 1121 ausim

677 1144 987 1198 affirmare.
1009 1146 1278 1217 primum,
1305 1148 1528 1199 minime
1550 1146 1707 1201 dece·

678 1236 836 1295 ptum
855 1224 1112 1290 Plinium,
1135 1214 1557 1299 ut'Dalecampio
1571 1228 1708 1281 aliis·

681 1322 788 1374 que
819 1304 993 1358 visum
1019 1318 1125 1367 est,
1163 1323 1338 1377 neque
1367 1312 1535 1360 κισσοῦ
1553 1343 1571 1372 ,
1598 1307 1705 1361 hoc

681 1397 762 1437 est
776 1421 792 1446 ,
825 1382 1011 1449 edero,
1025 1402 1130 1455 pro
1147 1391 1332 1450 κισθοῦ,
1353 1386 1458 1440 hoc
1477 1398 1557 1439 est
1569 1428 1583 1451 ,
1602 1405 1706 1457 pro

679 1464 852 1517 cistho
899 1464 1094 1519 frutice
1115 1504 1133 1531 ,
1186 1466 1335 1536 apud
1387 1466 1707 1538 scriptorem

678 1561 912 1613 gracum
930 1583 947 1611 ,
970 1543 1116 1598 unde
1140 1545 1256 1598 haec
1292 1558 1567 1599 mutuatus
1606 1547 1706 1613 sit,

681 1634 880 1676 temere
909 1623 1093 1696 legisse
1128 1642 1142 1675 ε
1172 1614 1424 1695 <sunniam
1454 1629 1511 1679 ix.
1540 1631 1702 1680 κισθοῦ

679 1701 799 1755 fieri
845 1700 1095 1757 ladanum
1149 1703 1384 1758 Galenus
1437 1704 1701 1770 affirmet,

679 1782 776 1835 lib.
817 1782 928 1835 vn
977 1782 1046 1837 de
1091 1784 1216 1840 Fac.
1268 1785 1448 1857 simpl.
1506 1784 1701 1840 medic.

679 1881 803 1934 pag.
846 1879 949 1933 191
978 1863 1201 1932 ;Diosc.
1227 1863 1323 1917 lib.
1346 1872 1392 1929 I,
1417 1885 1536 1938 cap.
1572 1869 1703 1933 128,

679 1942 880 2013 aliique
919 1960 933 1995 ε
973 1962 1095 1997 nam
1132 1944 1354 1997 alteram
1397 1944 1465 1999 de
1507 1944 1703 1999 ladano

678 2022 991 2077 sententiam
1036 2024 1214 2078 statim
1252 2025 1388 2077 huic
1430 2027 1707 2098 subjungit

675 2102 916 2169 Plinius,
949 2122 1067 2175 quae
1110 2124 1174 2158 ex
1213 2104 1332 2159 leda
1369 2105 1571 2170 herba,
1609 2125 1704 2160 seu

677 2182 852 2235 verius
877 2182 1086 2247 frutice,
1108 2184 1254 2238 nasci
1280 2183 1534 2239 ladanum
1566 2204 1703 2239 asse-

677 2274 856 2315 verat:
895 2276 972 2317 est
991 2277 1168 2319 autem
1190 2263 1308 2319 leda
1330 2265 1488 2318 cisthi
1507 2284 1675 2337 genus
1688 2305 1705 2334 ,

675 2354 737 2395 ut
765 2340 1012 2397 diximus.
1037 2345 1107 2397 Et
1128 2344 1197 2398 de
1221 2343 1380 2397 edera
1401 2346 1474 2397 ita
1502 2357 1705 2398 veteres

677 2422 886 2495 aliquos
910 2424 1160 2489 sensisse,
1206 2425 1348 2478 testis
1394 2423 1573 2477 adhuc
1595 2438 1703 2491 est,

677 2504 1061 2574 cujuscumque
1100 2502 1316 2556 demum
1351 2504 1395 2557 is
1427 2503 1557 2556 fidei
1593 2517 1703 2570 est,

676 2584 881 2635 Auctor
921 2582 1048 2635 libri
1087 2580 1156 2635 de
1190 2584 1370 2655 simpl.
1409 2583 1611 2637 Medic.
1635 2583 1705 2637 ad

679 2662 890 2714 Patern.
909 2662 1050 2715 inter
1072 2661 1265 2717 Galeni
1281 2682 1468 2735 opera,
1489 2676 1529 2717 t.
1545 2664 1705 2732 xm,

677 2758 798 2812 pag.
825 2746 937 2811 996
973 2760 987 2794 ε
1025 2768 1047 2790 ι
1079 2742 1385 2815 Aliquando
1415 2744 1705 2808 etiam,in-·

679 2820 796 2891 quit
814 2863 830 2888 ,
859 2822 1082 2892 genibus
1127 2835 1181 2876 et
1215 2824 1502 2877 feminibus
1523 2842 1708 2895 capra·-

678 2918 799 2953 rum
813 2919 930 2973 quoe
943 2902 1100 2955 edera
1112 2918 1411 2967 vescuntur,
1426 2902 1705 2958 u'dhaerens

679 2979 784 3034 hoc
838 2981 1014 3053 ipsum
1088 2980 1340 3038 ladanum
1396 2984 1705 3049 invenitur,

679 3072 781 3113 etc.
822 3086 846 3109 n
875 3061 990 3115 Nisi
1029 3063 1167 3115 forte
1197 3064 1432 3118 Plinium
1459 3064 1710 3118 transcri-

679 3138 780 3201 bit,
796 3140 946 3212 quod
963 3142 1030 3196 ab
1054 3162 1118 3196 eo
1129 3144 1390 3213 scriptore
1407 3145 1703 3199 factitatum

681 3237 792 3271 non
814 3222 977 3274 semel
998 3222 1252 3277 intellexi.
1279 3224 1525 3279 Alterum
1555 3222 1703 3297 quod

683 3298 962 3353 subnotari
999 3320 1108 3354 non
1147 3302 1354 3374 pigeat,
1397 3302 1545 3358 istud
1584 3318 1701 3358 est·

685 3379 856 3431 multo
895 3381 1072 3434 minus
1114 3382 1227 3434 Jos-
1261 3382 1588 3457 scaligerum
1612 3402 1707 3437 au-

681 3456 962 3525 diendum,
983 3479 1153 3533 quum
1169 3462 1266 3514 lib.
1292 3463 1345 3527 1,
1367 3464 1519 3535 epist.
1542 3482 1611 3534 17
1638 3463 1707 3517 ad

681 3538 867 3593 Franc.
877 3542 1268 3595 vertunianum
1280 3544 1411 3614 ,legi
1429 3544 1703 3615 praecipit:

682 3622 936 3689 sphoeruloe
945 3622 1079 3691 flore
1103 3620 1294 3687 deroso,-
1309 3642 1368 3676 ac
1387 3624 1705 3694 sphaerulam

682 3700 897 3770 σφαίριον
924 3713 1110 3767 vocat,
1146 3702 1304 3755 cisthi
1343 3704 1705 3774 corymbum:

681 3796 806 3831 nam
841 3790 896 3831 et
915 3779 1071 3833 MSS.
1092 3796 1331 3853 puguant
1351 3782 1562 3837 codices
1584 3783 1707 3837 uni-

681 3857 850 3919 versi,
880 3872 933 3911 et
967 3878 1000 3912 a
1031 3860 1277 3914 Pliniano
1311 3864 1545 3916 maxime
1585 3864 1705 3917 stilo

681 3936 740 3990 id
761 3938 1028 3992 abhorret.
1045 3939 1158 3993 Nec
1175 3941 1354 3996 minus
1375 3941 1707 3997 confidenter

683 4018 749 4071 ab
783 4019 1164 4089 exemplarium
1186 4023 1430 4075 omnium
1451 4022 1561 4075 fide
1602 4022 1707 4077 dis·

681 4096 843 4165 cedit,
891 4097 1024 4153 dum
1057 4118 1121 4154 ex
1150 4101 1216 4154 iis
1242 4102 1440 4167 verbis,
1463 4123 1609 4175 quum
1635 4114 1708 4156 ese

1795 1064 2045 1119 rorulenta'
2074 1066 2261 1139 Cypros
2276 1104 2295 1132 ‚
2320 1079 2646 1138 postremam
2670 1066 2828 1122 hanc

1795 1164 1983 1201 vocem
2004 1147 2192 1218 Cypros
2211 1146 2467 1218 expungit
2493 1166 2508 1200 ε
2536 1160 2630 1200 aut
2654 1166 2837 1219 quum

1794 1246 1895 1299 pro
1928 1230 2151 1279 attractis
2166 1228 2406 1295 funiculis
2419 1264 2435 1287 ,
2466 1231 2635 1279 tmtae's
2666 1227 2801 1299 legit
2814 1266 2839 1295 ,

1796 1318 1851 1360 et
1874 1307 2111 1374 funiculis
2156 1305 2305 1360 eradi
2346 1307 2535 1379 jubet3
2573 1306 2671 1360 etsi
2708 1326 2840 1361 eam

1794 1406 1985 1441 vocem
2022 1386 2441 1459 sententiamque
2488 1385 2839 1441 Dioscorides

1792 1467 1879 1521 hin
1902 1466 2081 1521 verbis
2097 1484 2209 1538 pro
2234 1485 2290 1519 se
2316 1468 2471 1530 ferat,
2486 1466 2605 1519 loco
2626 1467 2792 1521 citato
2814 1486 2833 1519 z

1793 1548 1907 1601 ἔνιοι
1933 1543 1993 1600 δὲ
2019 1546 2104 1601 καὶ
2122 1546 2191 1600 τὰ
2204 1548 2399 1614 σχοινία
2422 1548 2699 1617 ἕῑιισὺρουσι
2720 1549 2835 1609 τοῖς

1792 1628 2018 1699 θάμνοις,
2046 1639 2148 1679 etc.
2168 1627 2353 1680 Hnm.
2382 1660 2463 1668 —
2484 1627 2665 1679 Ederoe
2676 1628 2832 1696 flore.

1792 1706 1952 1761 Errat
1966 1706 2198 1769 Plinius,
2184 1724 2197 1738 ·
2216 1717 2271 1759 et
2290 1712 2479 1771 κισσοῦ,
2501 1706 2658 1759 eder-ce
2676 1706 2833 1759 scili·

1792 1800 1877 1840 cet
1894 1786 2032 1841 flore
2042 1786 2189 1856 legit,
2208 1804 2373 1856 quum
2390 1798 2530 1841 esset
2540 1784 2839 1857 legendum

1791 1872 1976 1934 κισθοῦ,
1997 1866 2153 1919 celethi.
2174 1866 2350 1921 Bnor.

1880 1966 1904 2000 1
1922 1966 1970 2002 1.
2000 1945 2127 1999 Sunt
2163 1948 2311 2019 quie
2281 1946 2311 1996 Ι
2312 1944 2491 1998 erbam.
2531 1901 2698 1998 Paulo
2746 1918 2839 1997 illi

1790 2026 1951 2080 latius
1970 2036 2196 2097 accepto
2220 2025 2397 2079 herbae
2420 2024 2641 2079 nomine
2668 2024 2831 2077 locu-

1790 2106 1877 2161 ti:
1910 2106 2105 2160 etenim
2141 2104 2381 2159 fruticem
2394 2144 2413 2169 ,
2448 2105 2625 2176 θοὶμνον
2640 2143 2658 2170 ,
2698 2122 2837 2159 cum

1791 2187 2041 2241 Dioscor.
2077 2186 2134 2251 1,
2173 2187 2316 2252 128,
2357 2196 2411 2237 et
2454 2185 2664 2254 αὐτοψῖᾳ
2708 2184 2836 2255 ipsa

1791 2266 1971 2320 verius
1990 2263 2263 2319 dixissent.
2292 2264 2379 2317 Sic
2396 2264 2593 2330 Plinio,
2610 2264 2831 2331 XXIV,

1795 2348 1862 2399 61
1884 2384 1900 2410 ,
1949 2344 2119 2398 herba
2175 2343 2357 2398 sabina
2414 2343 2641 2410 dicitur,
2696 2360 2835 2415 quae

1792 2425 1966 2478 frutex
1998 2436 2095 2477 est.
2126 2424 2205 2478 Ut
2242 2424 2281 2476 ii
2302 2442 2469 2495 porro
2489 2424 2709 2477 herbam
2738 2440 2839 2494 ge-

1790 2522 1921 2558 nere
1959 2504 2210 2557 muliebri
2240 2502 2416 2557 ledam
2432 2541 2450 2570 ,
2472 2504 2549 2557 sic
2582 2504 2835 2557 Dioscor.

1790 2584 1938 2637 virili
1970 2585 2217 2638 fruticem
2246 2580 2396 2643 λῆδον
2432 2597 2615 2647 vocat,
2647 2583 2839 2655 aitque

1792 2684 1905 2718 esse
1922 2666 2145 2718 alterum
2162 2664 2313 2717 cisthi
2328 2681 2508 2735 genus:
2520 2662 2669 2737 quod
2684 2681 2839 2715 unus

1792 2744 2035 2799 omnium
2090 2756 2233 2798 recte
2289 2742 2544 2798 describit
2595 2744 2839 2814 Prosper

1792 2824 2025 2895 Alpinus
2046 2822 2116 2877 de
2136 2824 2216 2877 Pl.
2236 2826 2382 2878 exet.
2407 2842 2455 2876 c.
2480 2830 2568 2888 40.
2587 2825 2651 2876 In
2664 2823 2839 2877 Creta

1792 2904 2062 2975 hodieque
2121 2904 2375 2958 nascitur.
2430 2903 2642 2957 Genera
2706 2905 2834 2975 ejus

1792 2986 1950 3056 plura
1988 2983 2350 3056 depinguntur
2387 3000 2418 3035 a
2462 2984 2645 3036 Clusio
2685 2982 2839 3037 Hist.

1792 3083 1898 3118 rar.
1920 3064 2090 3136 plant.
2121 3065 2177 3129 Ι,
2223 3062 2321 3129 50,
2352 3082 2471 3135 quse
2497 3063 2610 3116 fere
2634 3062 2825 3115 omnia

1792 3145 1851 3197 in
1878 3144 2038 3197 horto
2048 3144 2195 3215 regio
2221 3142 2467 3197 vidimus.
2490 3143 2559 3199 H.
2572 3142 2841 3195 —Lnda-

1792 3244 1925 3277 num
1974 3225 2151 3278 frutex
2190 3234 2271 3277 est
2309 3222 2541 3276 duorum
2586 3222 2837 3275 triumve

1793 3303 1997 3376 pedum
2011 3302 2309 3357 altitudinis
2326 3325 2342 3369 3
2367 3314 2423 3355 et
2445 3301 2645 3355 dicitur
2662 3303 2840 3357 cistus

1793 3382 2104 3443 lamisem,
2123 3384 2349 3449 cretica,
2369 3381 2503 3435 flore
2522 3401 2831 3454 purpureo.

1796 3466 1929 3535 Ejus
1936 3461 2349 3536 descriptionem
2362 3461 2485 3516 vide
2498 3461 2643 3534 apud
2654 3462 2844 3515 Tour-

1792 3545 1988 3597 nefort.
2018 3544 2075 3595 V
2066 3562 2217 3639 oyag
2248 3544 2316 3595 du
2348 3543 2562 3608 Levant,
2593 3554 2722 3595 tom.
2766 3544 2838 3608 I,

1793 3642 1916 3696 pag.
1944 3624 2145 3693 89,in-
2152 3610 2233 3678 8⁰.
2268 3624 2435 3676 Bnor.
2460 3652 2543 3663 --
2570 3623 2835 3676 Suffruti·

1796 3722 1911 3757 cem
1937 3703 2099 3768 hunc,
2124 3721 2283 3773 quem
2308 3700 2556 3755 eumdem
2577 3719 2688 3755 esse
2710 3720 2839 3755 cum

1800 3784 1938 3837 Cisto
1980 3782 2251 3849 ladanifero
2283 3780 2555 3838 Wi¹1den.
2598 3782 2843 3835 affirmat

1798 3862 2168 3934 Sprengelius,
2200 3862 2400 3915 Hister.
2429 3861 2507 3913 rei
2532 3862 2841 3928 herbariae,

1796 3954 1929 3997 tom.
1955 3943 2003 4007 Ι,
2030 3959 2152 4014 pag.
2192 3960 2318 4012 177,
2344 3941 2584 3996 retulisse
2613 3939 2841 3995 videtur

1795 4022 1881 4075 cl.
1916 4024 2195 4075 Lamarck.
2228 4021 2297 4075 ad
2336 4021 2524 4075 Cistum
2559 4023 2697 4095 Crpr
2698 4025 2841 4085 ium,

1796 4102 2063 4175 Encyclop.
2096 4116 2224 4155 tom.
2256 4102 2332 4165 11.
2361 4120 2483 4174 pag.
2516 4104 2610 4156 15.
2634 4093 2831 4171 (Cirtas
