2984 5009
681 427 821 514 264
1401 431 1953 502 EXCURSUS
2000 431 2102 500 11.

674 579 791 614 eam
812 577 952 620 esse.
985 572 1048 613 ut
1067 561 1256 631 jugero
1277 557 1538 630 spondeat
1555 560 1667 632 ejus
1690 577 1862 614 annua
1884 557 2001 613 11-s
2024 555 2106 624 (ι)
2131 557 2214 613 vel
2242 557 2500 613 mediocri
2529 557 2651 612 solo
2678 553 2815 611 redi·

677 653 779 694 tus.
819 639 1046 693 Aridum
1090 658 1307 712 quoque
1347 640 1535 693 suibus
1578 652 1736 712 atque
1770 639 1979 712 gallinis
2013 637 2252 693 exbiberi
2279 657 2448 711 posse.
2481 638 2817 693 Animalibus

679 737 890 792 semper
914 732 1037 791 post
1065 717 1288 774 biduum
1319 717 1589 784 dandum,
1624 720 1941 792 hiemeque,
1982 718 2131 792 quod
2162 719 2361 773 inaruit
2382 756 2401 782 ‚
2440 719 2813 772 madefactum.

678 799 880 854 Satiare
899 817 1067 872 equos
1097 797 1260 852 denas
1287 799 1451 852 libras
1468 837 1485 865 ,
1515 798 1655 853 etad
1683 801 1985 871 portionem
2017 799 2223 852 minora
2248 799 2493 852 animalia
2510 791 2622 868 (a).

715 881 724 888 ”
758 878 916 945 Quod
949 876 1237 933 admodum
1267 897 1446 932 rarum
1475 897 1585 932 esse
1611 878 1947 933 utilissimum
1976 879 2121 932 bunc
2148 879 2397 932 fruticem
2422 879 2477 931 in
2506 877 2664 931 Italia
2693 892 2817 948 que·

675 972 827 1014 ratur
869 959 1110 1023 Plinius,
1156 959 1322 1011 miror
1363 958 1645 1030 equidem,
1685 977 1851 1030 quum
1890 957 2105 1030 virgilii
2148 977 2257 1011 uon
2297 959 2469 1011 so'lum
2518 954 2816 1011 testimonia

677 1056 835 1112 supra
860 1039 1018 1093 citata
1055 1037 1114 1091 id
1156 1055 1349 1109 negare
1379 1036 1695 1104 videantur,
1725 1038 1816 1093 sed
1848 1052 1900 1092 et
1926 1039 2039 1110 ipse
2073 1038 2248 1092 Varro
2295 1039 2553 1092 armentis
2597 1035 2819 1090 lactariis

679 1118 917 1172 dandum
954 1137 1065 1172 esse
1091 1119 1345 1190 cytisum,
1385 1118 1719 1191 maximeque
1758 1119 1987 1171 amicum
2021 1118 2191 1172 vaccis
2232 1136 2342 1171 esse
2364 1117 2635 1190 pabulum
2670 1127 2816 1168 teste·

679 1211 770 1253 tur
793 1188 913 1269 (3),
958 1212 1010 1252 et
1062 1198 1356 1252 Columella
1396 1199 1695 1269 propi-imis
1723 1199 2022 1251 uberrimus
2074 1199 2141 1250 sit
2178 1199 2234 1250 in
2266 1195 2622 1268 praedisando
2670 1194 2817 1262 buius

681 1279 886 1333 fruticis
913 1297 1028 1331 usu.
1057 1278 1218 1331 Omni
1241 1276 1509 1349 pecudum
1532 1279 1738 1349 generi,
1753 1291 1805 1332 et
1832 1278 1959 1350 ipsis
1984 1277 2190 1350 gallinis
2206 1317 2221 1341 ‚
2242 1277 2604 1348 gratissimum
2634 1291 2743 1328 esse
2768 1285 2816 1325 et

679 1359 1016 1412 utilissimum
1069 1357 1328 1429 pabulum
1363 1395 1379 1422 ,
1435 1357 1585 1410 lactis
1625 1357 1920 1429 plurimum
1967 1359 2155 1411 ovibus
2196 1357 2465 1429 praebere,
2503 1353 2657 1430 quod
2702 1364 2814 1406 octo

681 1439 952 1491 mensibus
975 1435 1130 1490 viridi
1165 1456 1228 1490 eo
1255 1436 1334 1489 uti
1367 1448 1418 1489 et
1444 1450 1620 1508 postea
1642 1436 1792 1491 arido
1823 1438 2006 1510 possis.
2038 1437 2193 1510 Equo
2228 1435 2449 1492 abunde
2480 1455 2597 1489 esse
2640 1430 2816 1486 viridis

681 1516 868 1590 pondo
894 1535 963 1570 xv
980 1556 999 1582 ,
1034 1517 1207 1570 bubus
1233 1515 1416 1588 pondo
1449 1516 1667 1583 vicena,
1688 1518 1998 1591 caeterisque
2020 1517 2307 1588 pec-oribus
2331 1536 2435 1587 pro
2464 1517 2727 1588 portione
2746 1511 2816 1564 vi-

679 1596 841 1650 rium.
871 1595 1095 1650 Aridum
1127 1597 1170 1648 si
1197 1595 1326 1649 dare
1344 1595 1579 1651 voluerit
1596 1598 1892 1669 quispiam,
1925 1596 2136 1670 parcius
2158 1595 2667 1666 praebendarum,
2686 1603 2825 1665 φιν

678 1674 825 1730 niam
852 1677 990 1730 vires
1019 1676 1213 1729 habent
1237 1678 1496 1745 majores,
1536 1677 1790 1750 priusque
1814 1696 1954 1750 aqua
1981 1674 2386 1740 macerandum,
2428 1689 2483 1730 et
2510 1687 2817 1746 exemptum

682 1755 851 1827 paleis
869 1754 1316 1827 permiscendum.
1340 1753 1547 1822 Quodsi
1572 1755 1756 1810 aridus
1778 1757 1896 1810 fleri
1917 1754 2137 1818 debeat,
2169 1755 2305 1812 circa
2326 1774 2564 1810 mensem
2586 1753 2816 1826 Septem·

681 1836 835 1888 brem
851 1875 867 1901 ,
895 1835 990 1889 ubi
1020 1835 1221 1889 semina
1245 1837 1358 1910 ejus
1379 1835 1725 1908 grandescere
1756 1837 2053 1908 incipiunt,
2082 1834 2393 1892 cadendum
2417 1853 2529 1888 esse
2546 1831 2809 1907 pracipit·

679 1915 965 1988 paucisque
992 1914 1168 1981 horis,
1187 1914 1325 1968 'dum
1357 1915 1652 1982 flaccescat‚
1698 1917 1753 1969 in
1781 1918 1891 1970 sole
1927 1915 2233 1970 habendum
2251 1955 2270 1983 ,
2311 1913 2508 1969 deinde
2539 1915 2601 1968 in
2632 1912 2811 1968 umbra

681 1994 1054 2049 exsiccandum
1079 2007 1136 2050 et
1168 1995 1239 2048 ita
1271 1995 1615 2050 condendum
1645 1986 1748 2066 (4).

762 2075 898 2146 Ipsis
919 2093 1135 2148 quoque
1160 2074 1348 2148 apibus
1371 2075 1723 2148 gratissimum
1750 2094 1859 2129 esse
1886 2075 2071 2128 florem
2090 2075 2245 2146 cytisi
2266 2113 2283 2139 ,
2312 2091 2425 2127 uuo
2453 2075 2566 2128 fere
2598 2091 2693 2126 ore
2714 2071 2813 2124 Au·

685 2155 825 2228 tiqui
855 2155 1058 2210 ferunt.
1086 2157 1166 2209 Ex
1194 2156 1506 2210 Democrito
1534 2156 1677 2209 enim
1710 2169 1763 2208 et
1795 2154 2167 2209 Aristomache
2207 2154 2414 2208 Plinius
2456 2151 2622 2207 tradit
2643 2191 2660 2219 ,
2704 2165 2814 2222 spes

684 2253 975 2304 numquam
994 2253 1104 2288 esse
1120 2234 1420 2298 defuturas,
1450 2235 1603 2307 cytisi
1620 2235 1831 2307 pabulo
1852 2235 2195 2306 contingente
2210 2225 2312 2302 (5).
2334 2233 2605 2287 Alveariis
2626 2229 2814 2285 utiliter

687 2314 949 2387 quosdam
996 2313 1247 2368 fruticum
1305 2316 1503 2368 horum
1560 2316 1769 2387 copiam
1823 2329 2092 2387 apponere
2113 2354 2130 2379 ,
2180 2312 2327 2384 quod
2360 2331 2487 2385 apes
2527 2313 2811 2368 alliciantur

689 2395 884 2449 florum
901 2395 1183 2460 suavitate,
1212 2395 1355 2448 testis
1369 2407 1445 2448 est
1466 2394 1800 2448 Dioscorides
1818 2391 1917 2459 (6).
1936 2391 2024 2447 Ad
2039 2394 2155 2449 bac
2168 2393 2403 2447 Galenus
2418 2391 2621 2448 diserte
2640 2387 2811 2446 tradit·

690 2475 746 2527 in
779 2473 1069 2529 monticulo
1097 2473 1316 2546 Mysia,
1343 2474 1553 2528 Britton
1584 2473 1763 2539 dicto,
1808 2493 1979 2548 prope
2004 2493 2035 2528 a
2060 2474 2319 2545 Pergamo
2344 2473 2445 2527 sito
2463 2513 2477 2536 .
2508 2473 2617 2526 mel
2646 2468 2807 2524 Attico

693 2554 866 2608 simile
888 2551 1143 2626 produci.
1165 2552 1312 2624 quod
1341 2553 1556 2626 thymus
1584 2565 1637 2606 et
1665 2555 1861 2625 cytisus
1883 2554 1957 2607 ibi
1978 2551 2281 2619 abundent,
2309 2565 2502 2606 notum
2527 2553 2670 2606 enim
2688 2565 2807 2609 esse·

691 2633 838 2706 quod
861 2632 1033 2688 mellis
1054 2633 1347 2704 plurimum
1375 2652 1438 2686 ex
1461 2633 1609 2704 cytisi
1640 2633 1865 2687 flori-bus
1892 2633 2104 2705 cupiant
2142 2651 2264 2706 apes
2296 2623 2397 2704 (7).
2442 2633 2733 2687 confirmat
2761 2623 2807 2680 id

694 2731 912 2787 quoque
936 2724 1124 2766 auctor
1139 2751 1156 2778 ,
1181 2729 1340 2784 quem
1371 2713 1652 2768 Cassianus
1672 2713 1949 2785 exscripsit
1968 2708 2069 2776 (8).

766 2794 834 2845 Iu
857 2791 1076 2846 materia
1093 2793 1354 2846 Veterum
1375 2811 1593 2864 quoque
1620 2790 1825 2846 medica
1853 2793 2027 2846 locum
2058 2793 2302 2847 obtinere
2322 2792 2577 2863 cytisum,
2607 2810 2669 2845 ex
2688 2784 2809 2841 anti·

691 2873 816 2945 quis
841 2882 989 2943 patet
1009 2871 1394 2929 monumentis,
1418 2890 1537 2943 que
1554 2871 1895 2944 Hippocratis
1910 2873 2133 2925 nomine
2159 2872 2627 2926 circumferuntur.
2648 2863 2809 2934 Quod-

691 2953 735 3006 si
763 2951 1008 3005 mulieres
1032 2950 1178 3004 lactis
1197 2951 1376 3023 iuopia
1405 2965 1751 3024 premantur,
1775 2964 1965 3005 auctor
1990 2952 2250 3005 librorum
2292 2949 2361 3003 de
2394 2951 2597 3005 morbis
2634 2946 2807 3002 mulie·

693 3051 814 3095 rum
834 3031 1062 3104 cytisum
1089 3033 1142 3084 in
1172 3049 1310 3102 aqua
1343 3030 1623 3086 decoctum
1644 3030 1922 3105 propinari
1948 3033 2103 3105 jubet
2127 3022 2213 3104 (9)
2238 3048 2252 3084 ε
2280 3030 2550 3107 aliusque,
2596 3029 2805 3084 Alexan-

693 3111 884 3166 drinus
900 3110 1039 3163 forte
1061 3122 1246 3164 auctor
1261 3101 1382 3179 (ro)
1393 3130 1554 3166 succo
1568 3111 1723 3184 cytisi
1740 3130 1986 3184 expresso
2002 3109 2315 3166 diureticam
2330 3111 2525 3166 tribuit
2546 3109 2803 3165 virtutem:

750 3271 823 3334 (ι)
853 3271 893 3318 1.
922 3285 966 3318 e.
989 3268 1090 3318 fere
1110 3271 1193 3318 xl.
1210 3269 1394 3318 Thaler.
1417 3273 1605 3320 Boruss.

751 3351 824 3414 (a)
856 3350 978 3400 Plin.
1001 3350 1087 3397 lib.
1113 3351 1229 3399 xm
1246 3381 1266 3406 ,
1283 3366 1327 3398 c.
1350 3357 1426 3406 24.
2400 3409 2407 3414 ι

749 3426 824 3491 (3)
852 3429 1004 3474 Varro
1019 3461 1032 3480 ,
1055 3425 1139 3473 lib.
1164 3426 1209 3472 11
1227 3456 1244 3479 ,
1273 3441 1316 3472 c.
1347 3441 1388 3484 1,
1408 3441 1464 3487 p.
1485 3439 1601 3482 πως
1626 3441 1669 3472 c.
1689 3439 1719 3472 α
1738 3456 1757 3479 ,
1776 3441 1827 3487 p.
1848 3423 1938 3472 231
1953 3458 1970 3482 ,
1990 3425 2067 3474 ed.
2088 3423 2360 3474 Schneider.

750 3503 822 3565 (⁴)
845 3501 1089 3550 camon.
1115 3501 1200 3550 m».
1215 3501 1274 3556 v,
1297 3517 1340 3548 c.
1369 3515 1456 3558 ιη
1479 3500 1563 3548 lib.
1578 3499 1722 3557 vm,
1743 3516 1785 3546 c.
1806 3508 1854 3560 4.

751 3577 824 3640 (5)
853 3579 966 3624 Luc.
990 3579 1069 3623 cit.
1447 3573 1455 3584 '

749 3652 822 3715 (6)
853 3652 956 3698 Lib.
987 3652 1039 3706 1,
1063 3667 1107 3698 c.
1142 3649 1326 3711 113,p.
1350 3647 1458 3697 286.

749 3727 821 3790 (7)
853 3727 1017 3772 Galen.
1041 3724 1240 3772 antidot.
1267 3723 1350 3770 lib.
1369 3725 1421 3780 1,
1445 3740 1493 3785 p.
1516 3731 1623 3784 427.
2132 3760 2140 3766 .

751 3807 823 3869 (8)
854 3807 1068 3868 Geopon.
1095 3803 1183 3853 lib.
1205 3805 1309 3858 XV,
1328 3821 1371 3851 c.
1396 3819 1453 3859 a,
1471 3819 1524 3866 p.
1554 3803 1703 3867 1059:
1729 3787 1891 3859 ἡδίςη
1916 3801 2158 3868 μιλισσῶν
2183 3797 2363 3868 τροφὴ,
2390 3796 2459 3849 τά
2483 3815 2538 3849 rs
2562 3797 2651 3848 νέα.
2666 3789 2801 3864 cpi-m

685 3879 966 3951 προσιζένιι
994 3878 1178 3948 zurici?
1200 3877 1391 3947 μάλιςα.
1414 3877 1501 3931 καὶ
1531 3877 1626 3931 ἀπ’
1644 3879 1793 3932 αὐτοῦ
1815 3875 2129 3948 λαμὸάνιται
2156 3875 2484 3946 ἀπονῶτιρον.

751 3965 825 4030 (9)
853 3965 1129 4026 Hippou-at.
1151 3963 1211 4011 de
1227 3965 1386 4012 norb.
1403 3963 1589 4012 mulier.
1607 3963 1693 4011 lib.
1713 3965 1765 4019 1,
1786 3979 1837 4028 p.
1852 3962 1961 4011 608.
2396 3961 2401 3964 ’

743 4037 850 4104 (to)
873 4037 946 4087 td.
973 4038 1035 4086 de
1055 4036 1218 4096 «ti-u,
1243 4038 1326 4087 lib.
1349 4039 1503 4103 11η».
1524 4039 1639 4088 ³60.
