2984 5009
1012 486 1331 555 LlBER
1384 488 1596 555 xvl.
2233 490 2378 588 577

216 608 457 681 Sileno
482 664 501 698 ,
527 614 675 707 quis
700 616 977 683 omnino
1014 618 1227 687 nescit
1252 620 1496 712 quibus
1526 617 1987 691 coronentur?
2029 626 2088 692 E
2118 626 2388 697 smilace

216 717 405 787 fiunt
442 719 776 789 codicilli:
826 725 1306 818 propriumque
1342 728 1634 795 materiae
1667 741 1804 808 est,
1847 743 1924 797 ut
1960 729 2231 814 admota
2271 758 2386 802 au·

216 824 417 893 ribus
436 880 459 913 ,
498 825 713 897 lenem
732 852 968 897 sonum
994 830 1247 900 reddat.
1278 832 1518 902 Ed'erae
1541 834 1710 901 mira
1729 819 1778 865 ¹⁴
1815 835 2123 930 proditur
2151 854 2392 911 natura

214 930 307 999 ad
344 933 756 1028 experienda
786 938 995 1004 vina:
1032 938 1085 1005 si
1116 962 1235 1006 vas
1266 938 1385 1009 fiat
1412 964 1451 1007 c
1488 938 1672 1033 ligno
1709 940 1852 1033 ejus
1873 928 1944 1025 ¹⁵,
1981 946 2138 1013 vina
2169 958 2388 1016 trans·

214 1037 489 1125 fluere,
526 1064 604 1109 ac
634 1065 979 1111 remanere
1006 1067 1283 1138 aquam,
1328 1047 1381 1115 si
1412 1070 1546 1140 qua
1581 1046 1782 1116 suerit
1813 1050 2036 1117 mixta.

332 1148 599 1215 LXIV.
658 1137 948 1240 (xxxv1.
966 1152 993 1237 )
1056 1153 1243 1219 Inter
1288 1176 1398 1239 ea,
1450 1177 1598 1246 quae
1640 1152 1896 1247 frigidis
1952 1155 2271 1249 gaudent,
2317 1170 2386 1228 et

215 1254 577 1348 aquaticos
634 1254 909 1325 frutices
960 1256 1205 1326 dixisse
1258 1261 1632 1389 conveniat.
1681 1262 2192 1355 Principatum
2172 1288 2241 1331 1n
2286 1264 2392 1334 his

215 1360 563 1429 tenebunt
602 1361 959 1431 arundines
982 1416 1001 1449 ,
1058 1362 1210 1433 belli
1262 1364 1615 1460 pacisque¹
1657 1370 2128 1497 experimentis
2173 1394 2394 1441 neces-

2427 1192 2448 1226 Ι

215 1468 449 1553 επὶω,
485 1480 685 1561 atque
724 1470 921 1538 etiam
958 1468 1211 1540 deliciis
1254 1468 1520 1565 gratae'.
1537 1458 1846 1567 Tegulo³
1883 1498 2112 1544 earum
2151 1474 2390 1548 domus
2423 1510 2428 1514 ·

216 1598 379 1643 suas
435 1574 1008 1668 septemtrionales
1064 1577 1297 1672 populi
1348 1580 1700 1673 operiunt,
1758 1569 2178 1677 durantque⁴
2231 1586 2392 1655 aevis

215 1694 403 1749 tecta
435 1678 593 1749 alta.
632 1682 771 1750 Et
752 1707 822 1749 in
850 1680 1109 1813 reliqufio
1148 1708 1309 1754 vero
1351 1684 1516 1753 orbe
1541 1708 1839 1755 cameras
1871 1686 2202 1759 levissime
2239 1715 2387 1761 sus-

174 1788 189 1803 '
212 1772 579 1881 pendunt⁵
610 1776 1076 1883 :chartisque⁶
1096 1792 1397 1861 serviunt
1423 1790 1662 1860 calami
1676 1794 2054 1889 ‚AEgyptii⁷
2081 1797 2389 1886 maxime,

304 2026 793 2090 14.Ederoem='m.
824 2026 961 2080 Cato
992 2024 1063 2079 de
1102 2028 1168 2081 R.
1196 2030 1264 2081 R.

214 2126 341 2179 cap.
368 2124 501 2171 cxx,
520 2124 641 2178 pag.
672 2111 789 2161 διε

1438 2041 1489 2089 4.
1515 2029 1807 2100 Datumque
1829 2032 1944 2083 oevis
1957 2068 1975 2097 ,
1997 2043 2100 2087 etc.
2121 2032 2384 2105 Equidem

831 2106 937 2159 -Si
954 2106 1101 2159 voles
1128 2108 1265 2160 scire
1352 2109 1619 2179 καλάμινον
1661 2115 1758 2179 πῦρ
1781 2148 1798 2177 ,
1824 2110 2041 2165 Aristot.
2088 2125 2271 2183 quaest.
2321 2120 2386 2181 6,

212 2187 273 2240 in
298 2187 501 2240 vinum
532 2204 667 2257 aqua
687 2184 890 2239 addita.
920 2187 1020 2251 sit,
1054 2204 1261 2239 necne:

212 2266 513 2320 vasculum
542 2266 701 2319 facito
736 2266 805 2321 de
830 2267 1051 2319 materia
1078 2265 1264 2320 edera-

212 2364 329 2401 eea.
360 2346 571 2399 Vinum
590 2346 647 2399 id
669 2346 815 2419 quod
835 2346 1049 2417 putabis
1069 2364 1261 2417 aquam

212 2426 461 2491 habere,
486 2424 675 2479 eodem
705 2424 923 2480 mittito.
957 2424 1016 2479 Si
1045 2426 1265 2479 habebit

214 2524 447 2579 aquam,
470 2506 657 2559 vinum
685 2506 893 2572 e'ffluet,
915 2524 1054 2577 aqua
1078 2524 1260 2559 mane-

212 2586 319 2641 bit.
360 2585 505 2638 Nam
540 2605 649 2640 non
687 2587 921 2640 continet
960 2588 1143 2639 vinum
1172 2604 1263 2641 vae

212 2665 565 2720 ederaceum.
590 2692 612 2713 ιι
642 2664 820 2720 Hmn.

307 2746 402 2801 15.
429 2744 489 2798 Sa·
505 2746 747 2817 vasfiate
769 2746 905 2817 ligno
925 2748 1045 2817 esus.
1066 2747 1259 2797 Κισσὺ-

214 2825 325 2882 Gis-e
358 2839 521 2879 vocat
554 2826 889 2891 Macrobius,
922 2828 1137 2879 Saturn.
1172 2826 1256 2891 V,

214 2906 287 2961 de
315 2926 436 2979 quo
463 2904 789 2979 Euripides
774 2925 830 2959 m
875 2902 1257 2968 Andromeda,

286 2989 443 3048 ,πᾶς
458 2982 518 3039 δὶ
536 2988 781 3059 ποιμένων
802 2987 1097 3057 Istumne,
1110 2976 1156 3039 ὁ
1170 2986 1253 3055 μὲν

210 3070 479 3141 γάλακτος
505 3068 635 3129 κίοσι
639 3086 715 3120 νον
749 3069 899 3137 φίρων
922 3068 1129 3137 σκύφον,
1160 3066 1259 3117 Πό-

214 3170 313 3203 νον
353 3146 655 3218 ἀναψυκτῆρ’
662 3186 679 3210 ,
708 3144 804 3200 ὅδ’
829 3147 1061 3223 ἀμπέλων
1086 3144 1253 3216 γοὶνος.

214 3229 438 3283 Victor.
453 3228 548 3279 lib.
574 3228 741 3291 XVI,
758 3246 875 3298 cap.
905 3237 995 3297 27¹.
1021 3227 1227 3279 Diuo.

298 3308 511 3361 LXIV.
560 3327 610 3362 1.
652 3307 784 3360 Bella·
819 3310 1063 3379 pacisque.
1122 3304 1258 3358 Belli

214 3386 449 3462 quidem
466 3424 485 3451 ,
526 3391 591 3439 ad
607 3388 779 3459 jacula
808 3404 823 3439 ι
856 3387 1003 3456 pacis
1030 3384 1097 3438 ad
1120 3384 1259 3438 cala·

216 3488 345 3523 mos
364 3508 381 3531 ,
428 3468 579 3539 queis
604 3467 903 3521 scribimus.
931 3464 1115 3518 Hum.

306 3570 364 3603 a.
391 3547 600 3599 Deliciis
646 3558 823 3617 graece.
872 3545 958 3599 Ad
982 3544 1255 3598 -tibiarum

216 3647 403 3683 usum.
436 3629 635 3681 Daue.

305 3708 363 3761 3.
420 3708 627 3776 Tegula.
682 3706 757 3759 Iis
803 3724 906 3777 pro
952 3716 1259 3775 tegumento

220 3800 455 3841 utuntur
480 3786 673 3843 aedium
701 3804 935 3840 suarum.
956 3785 1083 3850 Quo
1100 3784 1259 3835 Plau·

218 3880 313 3922 tus
340 3867 519 3920 allusit
546 3868 601 3920 in
634 3864 910 3930 Rudente,
936 3877 1043 3918 act.
1070 3864 1137 3926 1,
1184 3882 1255 3915 sc.

227 3968 291 4014 a,
314 3968 370 4001 v.
394 3948 508 4009 34:
538 3947 737 4015 uQuin
756 3961 814 4002 tu
835 3942 891 3998 i'n
915 3942 1199 4016 paludem
1184 3962 1254 4004 is,

222 4046 545 4099 exsecasque
557 4025 873 4091 arundines,
890 4024 997 4090 Qui
1019 4036 1258 4095 pertega-

224 4126 347 4162 mus
378 4106 601 4173 villam,
648 4106 779 4161 dum
807 4066 1021 4159 nidum'
1026 4102 1157 4157 st?-
1186 4103 1256 4157 H.

394 4205 501 4283 V.

1352 2204 1469 2258 cap.
1491 2187 1524 2239 3
1540 2226 1558 2254 ,
1586 2188 1725 2261 ignis
1747 2188 1804 2242 in
1831 2188 2093 2245 arundine
2106 2210 2382 2260 accensus,

1352 2268 1449 2338 qui
1476 2267 1586 2320 cito
1619 2266 1939 2334 exardescit,
1965 2271 2074 2324 cito
2098 2273 2380 2341 emoritur,

1350 2341 1441 2400 διὰ
1454 2348 1543 2404 τὴν
1563 2351 1652 2410 τῆς
1665 2348 1779 2410 ὕλης
1797 2350 2046 2403 &utinm
2065 2352 2378 2423 ἀσθενές-ερον

1347 2432 1435 2479 τοῦ
1458 2426 1657 2490 ξυλίνου.
1673 2428 1854 2495 Quare
1879 2443 1931 2482 et
1957 2428 2259 2495 Herodoto,
2281 2432 2374 2486 lib.

1348 2507 1404 2559 V
1422 2544 1439 2571 ,
1466 2506 1724 2560 Sardibus
1767 2509 1936 2580 captis
1970 2509 2142 2565 Perna
2173 2504 2378 2565 nullam

1346 2584 1585 2657 pradam
1611 2606 1674 2640 ex
1701 2606 1760 2639 ea
1791 2588 2006 2660 copiosa
2034 2602 2089 2642 et
2119 2592 2376 2661 opulenta

1346 2666 1483 2719 urbe
1524 2667 1848 2734 retulerunt,
1887 2667 2034 2739 quod
2079 2668 2269 2724 d'omus
2308 2690 2376 2725 ex

1344 2745 1614 2800 arundine
1639 2761 1955 2803 constructa
1969 2787 1988 2815 ,
2009 2749 2092 2801 vel
2111 2748 2376 2804 arundine

1346 2838 1536 2887 tectu,
1585 2826 1785 2897 injecto
1819 2828 1967 2899 igne,
2001 2830 2254 2883 incendio
2276 2844 2378 2885 sta·

1346 2906 1441 2959 tim
1505 2906 1800 2980 absumptas
1871 2909 1991 2963 sint.
2059 2910 2210 2965 vict.
2277 2911 2374 2965 lib.

1346 2986 1622 3051 XXXIII,
1659 3006 1776 3059 cap.
1810 3007 1860 3042 ι.
1885 2988 2095 3043 Diuo.

1430 3066 1483 3119 ὅ.
1522 3066 1753 3119 Cametas
1795 3068 2023 3121 levissime
2064 3070 2374 3141 suspendunt.

1342 3144 1423 3197 Ex
1450 3146 1764 3221 iis-camerae
1807 3148 2144 3220 fornicesque
2183 3168 2380 3221 pergu-

1341 3224 1516 3278 larum
1561 3244 1720 3296 quam
1757 3225 2009 3280 levissimi
2060 3240 2114 3281 ct
2155 3230 2378 3283 minime

1345 3304 1559 3358 onerosi
1581 3304 1738 3357 fiunt.
1762 3305 1970 3359 Daune.

1428 3388 1482 3438 6.
1534 3383 1840 3457 Char-risque.
1897 3385 2123 3439 Calamis
2177 3388 2377 3441 charte

1344 3476 1632 3517 exarantur
1683 3465 1739 3517 in
1798 3464 2097 3519 scribendo.
2169 3468 2380 3521 Persius

1346 3543 1454 3599 Sat.
1482 3544 1595 3608 111,
1627 3562 1650 3596 1
1668 3563 1690 3598 1
1722 3562 1736 3597 ε
1762 3566 1784 3587 -ι
1810 3544 1984 3617 Inque
2005 3564 2196 3599 manus
2221 3548 2379 3601 char-

1347 3638 1433 3690 ιω,
1450 3622 1762 3695 nodosaque
1789 3626 1936 3679 venit
1957 3624 2166 3679 arundo
2187 3648 2198 3677 :
2222 3628 2380 3685 Tunc

1345 3706 1652 3776 querimur,
1707 3722 1910 3757 crassus
1969 3706 2173 3759 calamo
2231 3706 2382 3780 quod

1342 3783 1576 3856 pendeat
1598 3785 1816 3837 humor.
1846 3809 1869 3830 ι
1911 3785 2102 3841 Hum-

1430 3884 1483 3935 7.
1513 3864 1766 3937 AEgypee’e'.
1795 3864 2034 3919 Martial.
2079 3866 2175 3921 lib.
2210 3867 2347 3919 XIV
2367 3906 2386 3933 ,

1344 3946 1522 4015 epigr.
1561 3962 1776 4011 xxvm,
1803 3963 1878 3998 vs.
1911 3963 1934 3999 1
1963 3964 1978 4000 ε
2019 3972 2042 3995 ι
2060 3948 2166 4001 Dat
2191 3946 2386 4000 chartis

1346 4025 1554 4079 habiles
1575 4024 1807 4078 calamos
1818 4025 2166 4099 Memphitica
2179 4027 2385 4079 tellum·-

1346 4107 1545 4157 Esau.

1969 4213 2060 4310 37
