2984 5009
692 509 840 583 332

1216 512 1294 580 C.
1349 511 1688 587 PLINII
1742 508 1964 577 NAT.
2022 510 2284 579 HIST.

688 639 1101 713 inscribitur²
1105 695 1125 728 ,
1149 666 1527 819 quanquam
1558 644 1627 710 in
1659 666 1737 711 ea
1772 656 1840 711 et
1878 626 2241 712 (ιειΙιιιὶιιιιιι3
2256 641 2409 711 addi
2424 608 2629 737 jubet.
2651 643 2789 713 ldeo

687 750 956 844 quidam
993 763 1340 819 aromatite

687 841 1124 926 Dossennus⁵

1397 747 1757 819 delectatos
1790 750 2074 819 maxime
2092 748 2394 819 credunt.
2412 750 2545 819 Sed
2574 752 2791 819 Fabius

1167 855 1269 925 his
1306 854 1607 925 versibus
1650 854 1989 925 decernit.

998 976 1306 1036 Mittebam
1335 977 1537 1035 vinum
1567 977 1869 1056 pulcrum,
1898 976 2280 1089 murrhinam.

683 1110 825 1179 Et·
807 1134 874 1179 m
909 1084 1444 1179 Acharistione⁶=

1000 1236 1216 1290 Panem
1242 1244 1302 1291 et
1327 1231 1623 1309 polentam
1636 1271 1657 1299 ‚
1692 1230 1893 1291 vinum
1920 1230 2295 1291 murrhinam.

685 1364 1044 1439 Scaevolam
1073 1391 1337 1463 quoque
1369 1382 1437 1436 et
1477 1365 1794 1456 Laelium,
1839 1382 1906 1438 et
1948 1368 2291 1447 Atteium⁷,
2312 1370 2701 1465 Capitonem
2736 1370 2795 1437 in

684 1544 1000 1605 guentornm
1033 1532 1446 1604 compositione,
1479 1532 1656 1601 primo
1680 1549 1711 1589 e

683 1612 934 1684 myrrha,
963 1624 1021 1664 ut
1046 1610 1322 1667 diximus.
1373 1637 1396 1659 ι
1446 1630 1556 1664 non
1599 1611 1706 1664 alio

683 1704 824 1745 certe
858 1691 1012 1757 loco,
1053 1710 1210 1763 quam
1247 1692 1379 1757 isto,
1429 1710 1589 1761 quem
1630 1691 1707 1743 ibi

683 1782 899 1843 spectat.
912 1772 1094 1837 Quare
1103 1784 1315 1825 caeteros
1335 1771 1545 1825 codices
1569 1770 1703 1824 nihil

681 1869 865 1903 moror
878 1890 895 1918 ,
917 1853 972 1905 in
994 1852 1194 1925 quibus
1208 1855 1327 1904 miro
1349 1853 1496 1903 odore
1513 1851 1705 1903 condito

679 1930 874 2001 legitur
905 1950 920 1984 :
949 1950 1124 2002 neque
1146 1930 1491 1985 Hermolaum
1516 1930 1705 1998 sudio,

683 2011 776 2081 qui
804 2014 928 2084 myri
943 2052 958 2077 ‚
988 2014 1134 2083 μῦρου
1153 2052 1170 2079 ‚
1191 2012 1294 2065 hoc
1309 2024 1412 2073 est,
1432 2014 1705 2081 unguenti,-

681 2108 855 2161 neque
901 2090 1210 2145 Salmasium
1232 2130 1248 2156 ‚
1283 2092 1374 2163 qui
1421 2108 1541 2163 pag.
1592 2096 1703 2145 610

680 2169 736 2223 in
765 2170 934 2224 Solin.
957 2191 1204 2243 pomorum
1237 2172 1383 2225 octor-e
1405 2172 1599 2227 condita
1624 2190 1706 2225 re-

682 2250 855 2321 ponit.
880 2252 1064 2305 ΗΑιιιι.

767 2349 815 2382 2.
833 2331 985 2383 Persa
1003 2330 1289 2385 inscribitur.
1311 2332 1418 2385 Aut
1438 2328 1699 2397 diversam

681 2428 790 2462 esse
813 2428 1022 2465 necesse
1043 2425 1120 2465 est
1136 2413 1201 2465 ab
1222 2430 1282 2465 ea
1299 2430 1416 2484 qum
1427 2408 1705 2483 hodieque

620 2532 638 2543 .
680 2502 846 2543 exstat
877 2510 941 2545 eo
971 2491 1221 2556 nomine,
1263 2504 1354 2545 aut
1391 2500 1572 2545 versus
1613 2510 1703 2545 eos

680 2570 935 2625 excidisse
950 2610 967 2638 ,
991 2588 1124 2643 quos
1148 2571 1349 2625 Plinius
1373 2583 1557 2624 noster
1581 2572 1704 2624 alle-

679 2661 785 2720 εει.
807 2649 944 2704 Nam
972 2650 1068 2723 qui
1089 2652 1146 2705 in
1175 2668 1234 2704 ea
1261 2650 1438 2704 fabula
1463 2663 1666 2704 exstant
1684 2688 1699 2711 ,

680 2747 798 2800 quae
854 2732 1009 2783 Perse
1093 2730 1398 2784 inscribitur
1426 2770 1442 2796 ‚
1505 2742 1606 2785 set.
1634 2732 1663 2783 Ι
1684 2769 1701 2797 ,

679 2826 752 2861 so.
787 2809 818 2861 3
835 2848 851 2871 ,
883 2828 934 2861 v.
966 2828 1028 2880 7,
1051 2829 1190 2881 quos
1213 2810 1497 2864 Salmasius
1515 2808 1699 2877 affert,

681 2904 799 2959 pag.
844 2906 949 2958 709
991 2890 1048 2941 in
1110 2890 1279 2943 Solin.
1339 2915 1362 2937 ι
1403 2890 1703 2944 Commisce

680 2968 912 3020 mulsum
939 3005 956 3033 ,
1019 2970 1258 3023 struthea
1285 3006 1304 3035 ‚
1349 2969 1702 3042 colutheaque

678 3062 906 3118 appara,
945 3048 1087 3101 Bene
1125 3062 1182 3102 nt
1213 3048 1270 3101 in
1302 3048 1491 3102 scutris
1518 3066 1705 3103 concn-

677 3124 855 3191 leant,
882 3137 935 3179 et
964 3128 1222 3182 calamum
1261 3128 1456 3201 injice:
1490 3152 1513 3174 a
1543 3129 1601 3183 in
1638 3129 1704 3184 iis

678 3224 784 3259 nec
827 3206 938 3259 vini
981 3226 1145 3279 genus
1189 3208 1512 3262 describitur
1534 3247 1553 3276 ‚
1610 3208 1703 3263 sed

678 3286 869 3353 muls33
908 3305 1006 3341 nec
1047 3288 1278 3360 myrrho
1307 3288 1383 3342 ibi
1411 3288 1519 3341 ulls
1552 3308 1701 3343 men

677 3364 770 3419 tio.
803 3367 986 3421 Han.

764 3444 815 3500 3.
869 3446 946 3500 Et
998 3447 1251 3501 calamum.
1327 3447 1699 3505 Aromatioum

677 3525 903 3590 scilicet,
929 3526 997 3580 de
1011 3528 1227 3599 quolib.
1243 3528 1353 3583 x11
1361 3548 1504 3622 ,σιμ
1525 3537 1616 3600 49.
1628 3530 1698 3585 H.

762 3611 814 3669 4.
859 3609 1152 3661 Aromate‘ee.
1197 3608 1345 3661 Vino
1391 3609 1652 3663 nimirum
1682 3646 1699 3676 ,

677 3683 823 3753 quod
861 3705 892 3739 e
923 3688 1138 3757 myrrha
1165 3672 1476 3759 csismoque
1504 3690 1699 3743 factita-

679 3775 792 3815 tum
821 3762 1047 3825 dicitur‚
1080 3784 1195 3838 cap.
1225 3786 1315 3837 19.
1341 3768 1428 3822 Sic
1450 3769 1603 3823 MSS.
1632 3770 1697 3822 R.

676 3854 779 3896 etc.
800 3842 954 3896 Prius
981 3850 1237 3900 amniaeice
1266 3868 1547 3921 perperam
1565 3850 1700 3922 lege·

675 3922 847 3975 batur.
873 3924 1054 3978 Hsnn.

761 4000 815 4056 5.
837 4000 1130 4060 Dossennus.
1150 4008 1232 4061 De
1247 4006 1386 4061 eoin
1406 4009 1699 4064 Auctorum

679 4080 897 4136 lodice-
913 4082 1094 4139 Πιιιιι.

1879 1534 1932 1586 6.
1979 1533 2337 1588 Acharistione.
2383 1532 2541 1587 Hanc
2589 1533 2795 1587 fabulum

1794 1612 1983 1665 Plauto
2013 1614 2221 1666 Nouius
2249 1610 2554 1685 adjudicat,
2590 1632 2697 1685 esp.
2738 1633 2761 1666 a
2780 1652 2797 1677 ,

1792 1694 1957 1745 verbo
1983 1692 2293 1763 Pauper-avit.
2326 1690 2521 1747 Ηιιι).

1875 1792 1928 1843 7.
1951 1771 2214 1826 Scoevolam
2253 1792 2437 1846 quoque
2466 1786 2519 1825 ee
2547 1772 2735 1825 Laelim
2756 1783 2795 1823 et

1792 1852 1989 1905 Ateium
2010 1854 2307 1923 Capitonem.
2328 1854 2469 1925 Lege
2487 1853 2691 1917 AEla'utn,
2702 1871 2793 1905 non

1792 1930 2287 1995 Laetim.ex1nd10e
2308 1934 2653 2005 antiquorum
2676 1929 2795 1984 eodi-

1792 2031 1911 2064 cum
1928 2025 1980 2066 et
1998 2012 2249 2065 Romana
2262 2012 2422 2083 etism
2440 2011 2794 2085 impressionis.

1790 2092 1923 2146 Tres
1946 2094 2089 2146 enim
2114 2092 2204 2145 hic
2229 2093 2597 2163 jurioeonsulti
2623 2110 2797 2145 memo·

1790 2185 1977 2225 rentur
1994 2209 2012 2235 ,
2058 2173 2293 2233 Scaevola
2312 2206 2329 2235 ,
2382 2173 2557 2225 AElius
2576 2210 2593 2236 ,
2638 2170 2797 2225 Ateius

1790 2252 1981 2323 Capito
2014 2272 2027 2304 =
2055 2271 2287 2325 quorum
2324 2252 2465 2305 inter
2501 2253 2633 2305 ulios
2656 2252 2795 2305 Pom·

1787 2332 1981 2403 ponius
2012 2332 2255 2386 meminit
2281 2332 2683 2404 jurisconsultus
2702 2329 2793 2401 pri-

1790 2430 1880 2465 mo
1919 2411 2257 2483 Digestorum
2303 2410 2587 2465 volumine
2602 2448 2617 2469 ,
2662 2410 2793 2463 titulo

1788 2488 1856 2551 de
1894 2491 2100 2563 origine
2136 2492 2291 2563 juris.
2334 2491 2521 2545 Verba
2560 2493 2701 2561 enjus
2736 2486 2795 2543 de

1786 2570 1893 2625 hoc
1919 2572 2059 2624 AElio
2074 2584 2227 2626 sunt:
2250 2598 2272 2619 ι
2291 2570 2415 2623 Non
2440 2584 2569 2641 post
2590 2572 2791 2625 multum

1788 2651 2043 2721 temporis
2058 2652 2285 2723 spatium
2302 2650 2493 2705 Sextus
2512 2651 2675 2709 AElius
2688 2649 2795 2703 din

1788 2732 2022 2784 actiones
2054 2730 2381 2803 composuit,
2413 2741 2465 2782 et
2496 2730 2691 2785 librum
2716 2746 2794 2799 po-

1786 2812 1919 2882 pulo
1934 2808 2085 2873 dedit
2100 2850 2116 2879 ,
2139 2811 2230 2883 qui
2247 2809 2552 2881 appellatur
2559 2813 2644 2882 jus
2658 2808 2795 2862 AEiia·

1786 2908 1916 2943 num
1933 2908 1947 2943 ε
1961 2904 2043 2943 -et
2056 2887 2797 2957 mox,-DeindesexmsAE1ius

1787 2983 1842 3023 et
1868 2972 2031 3023 frater
2060 2972 2174 3043 ejus
2196 2970 2261 3023 Ρ.
2298 2968 2469 3021 AElius
2500 2970 2729 3033 Aterius,
2750 2979 2796 3019 et

1787 3050 1848 3103 P.
1884 3050 2078 3104 Atilius
2096 3089 2112 3115 ‚
2152 3049 2436 3103 maximam
2454 3049 2727 3105 scientiam
2747 3046 2793 3099 in

1788 3128 2093 3203 profitendo
2122 3130 2461 3183 hahuerunt:
2498 3142 2553 3183 et
2564 3128 2670 3183 duo
2689 3124 2795 3181 AElii

1789 3210 1944 3283 etiam
1968 3210 2209 3264 eonsules
2226 3208 2475 3262 fuerunt.
2460 3228 2477 3239 ·
2505 3209 2699 3262 Atilius
2716 3225 2797 3259 an·

1789 3300 1895 3343 tem
1914 3310 1941 3343 a
1956 3290 2159 3363 populo
2175 3288 2383 3362 primus
2398 3286 2625 3359 Sapiens
2639 3286 2795 3361 appel·

1786 3367 1923 3424 latus
1939 3382 2033 3427 est.
2056 3370 2270 3424 Sextum
2293 3367 2494 3421 AElium
2520 3368 2677 3422 etiam
2704 3368 2795 3419 En·

1786 3440 1909 3505 nius
1946 3448 2203 3516 laudavit,
2229 3458 2284 3503 et
2309 3459 2473 3501 exstat
2509 3448 2653 3502 iliius
2674 3446 2795 3499 liber

1786 3530 1880 3599 qui
1917 3528 2227 3583 inscribitur
2260 3528 2635 3599 Tripartita.·
2680 3526 2795 3578 1120

1786 3590 2134 3680 Pomponius.
2182 3608 2383 3661 Versus
2426 3619 2605 3661 nutem
2652 3603 2795 3658 Ennii

1786 3708 1895 3760 quo
1910 3688 2078 3743 AElius
2098 3688 2187 3741 hic
2210 3685 2479 3752 laudetur,
2500 3706 2531 3739 n
2554 3686 2795 3740 Cicerone

1786 3770 2011 3822 affertur
2033 3768 2206 3838 prima
2226 3766 2530 3820 Tusculana
2556 3785 2569 3819 ε
2603 3787 2626 3809 ·
2646 3764 2793 3835 Egre-

1785 3854 1870 3921 gie
1886 3845 2134 3902 cordatus
2147 3845 2312 3900 homo
2334 3858 2481 3901 cetus
2498 3845 2667 3899 AElius
2684 3844 2793 3897 Sex·

1786 3940 1871 3981 tus
1899 3947 1912 3981 τ
1948 3952 1971 3975 ι
2008 3940 2059 3979 et
2096 3928 2155 3980 in
2186 3928 2388 3997 Catone
2426 3930 2627 3995 majore
2662 3922 2789 3977 idem

1786 4008 1979 4061 Cicero
2012 4006 2161 4060 hunc
2183 4007 2382 4059 AElium
2412 4005 2623 4069 laudat,
2656 4004 2791 4073 cujus

1785 4089 1949 4141 verbs
1980 4100 2041 4141 ut
2065 4088 2134 4141 nb
2168 4088 2452 4142 inveterate
2480 4086 2676 4139 multos
2692 4085 2791 4155 jun
