2984 5009
615 482 712 557 38
1145 485 1222 553 C.
1279 481 1622 552 PLINII
1676 482 1886 552 NAT.
1948 484 2195 551 HIST.

611 618 826 712 spicas
862 640 940 685 ac
984 615 1142 688 folia
1165 614 1526 685 celebrant.
1566 614 1866 685 Alterum
1896 615 2037 709 ejus
2074 638 2282 709 genus
2296 599 2528 745 ⁵apud
2554 617 2743 685 Gan-

611 735 761 818 gem
803 748 1118 811 nascenS‚
1160 722 1571 792 damnatur
1552 747 1621 791 ιιι
1668 736 1928 806 totum,
1974 706 2371 791 ozaenitidis⁶
2428 723 2702 792 nomine
2727 778 2749 810 ‚

609 832 794 900 virus
836 829 1158 900 redolens.
1198 828 1629 898 Adulteratur
1662 842 1732 897 et
1764 828 2265 925 pseudonardo⁷
2308 818 2519 897 herba
2542 882 2562 917 ‚
2598 854 2750 923 quae

609 937 858 1032 ubique
901 938 1196 1007 nascitur
1249 938 1573 1005 crassiore
1627 950 1825 1030 atque
1875 935 2120 1004 laxiole
2166 933 2361 1022 folio,
2412 940 2479 1003 et
2514 932 2751 1005 colore

608 1042 922 1140 languido
973 1046 1044 1111 in
1103 1041 1461 1113 candidum
1504 1056 1838 1137 vergente.
1882 1044 2053 1110 Item
2112 1064 2231 1109 sua
2278 1027 2548 1110 radice⁸
2595 1066 2753 1136 per—

609 1152 816 1221 mixta
853 1149 1165 1245 ponderis
1193 1171 1430 1295 capsa,
1473 1163 1541 1217 et
1576 1150 1863 1244 gummi,
1901 1164 2265 1243 spumaque
2302 1150 2595 1243 argenti,
2632 1162 2755 1217 aut

609 1256 838 1341 stibio,
877 1280 956 1327 ac
1001 1254 1288 1351 cypero⁹
1303 1308 1321 1341 ,
1361 1256 1673 1351 cyperive
1714 1256 1983 1324 cortice.
2025 1252 2441 1323 Sincerum¹⁰
2480 1252 2753 1348 quidem

611 1360 876 1433 levitate
916 1362 1466 1458 deprehenditur,
1510 1377 1575 1431 et
1623 1360 1848 1432 colore
1880 1360 2035 1430 rufo
2052 1414 2074 1448 ‚
2120 1360 2477 1455 odorisque
2534 1362 2753 1430 suavi-

613 1483 786 1557 tate,
824 1485 892 1538 et
924 1484 1122 1563 gustu
1151 1470 1436 1537 maxime
1477 1470 1765 1539 siccante
1802 1494 1876 1537 os
1902 1522 1921 1553 ‚
1960 1491 2197 1563 sapore
2233 1466 2556 1561 jucundo.
2592 1470 2755 1536 Pre-

611 1577 778 1644 tium
823 1578 1020 1670 spicae
1053 1577 1122 1642 in
1164 1573 1363 1644 libras
1404 1600 1472 1644 x.
1517 1574 1645 1645 c.⁸¹
1698 1572 1925 1644 Folii¹²
1965 1572 2246 1642 divisere
2263 1558 2311 1598 ¹³
2353 1596 2691 1641 annonam
2738 1598 2755 1641 ε

611 1736 796 1791 scitur.
822 1737 1005 1790 Eun.
1035 1768 1116 1779 —
1140 1735 1425 1789 Salmasius
1462 1747 1639 1789 emen·
1725 1754 1823 1797 ro,
1863 1735 1963 1788 cui·
2000 1733 2203 1788 candor
2248 1732 2490 1807 odorque
2542 1734 2759 1788 vicinus

612 1816 750 1869 dat.
736 1834 750 1847 ·
781 1820 1024 1869 cacumine
1065 1818 1230 1867 arista·
1270 1834 1320 1867 se
1357 1828 1629 1887 spargunt.
1622 1834 1637 1847 ·
1725 1812 1923 1877 nardo,
1953 1812 2194 1867 dicemus
2208 1814 2349 1866 xxl
2367 1855 2381 1877 ,
2425 1818 2536 1885 69:
2567 1812 2634 1865 de
2662 1815 2757 1867 sti-

615 1896 795 1950 Dalec.
825 1897 994 1967 legit:
1017 1900 1066 1947 in
1083 1899 1256 1965 spicas.
1287 1897 1392 1948 En.

699 1976 752 2029 5.
768 1977 992 2030 Alterum
1009 1978 1110 2045 ejus
1118 1990 1285 2045 genus.
1301 1976 1425 2027 Hanc
1437 1976 1641 2045 pariter

615 2055 853 2109 Dim-sor.
887 2056 948 2119 Ι,
973 2060 1028 2108 6.
1050 2056 1230 2108 Ηιιιιι.

697 2139 752 2189 6.
793 2134 1100 2188 Ozoem'te‘dis.
1143 2133 1451 2207 Legendum
1487 2133 1639 2199 ‘vide-

618 2228 707 2268 tur
721 2214 1013 2285 Gangiee'dr‘s
1028 2255 1042 2281 ,
1061 2234 1171 2268 non
1191 2216 1482 2269 oza-nitidis.
1506 2214 1639 2267 Dio-

617 2294 850 2348 sem-ides
874 2294 927 2352 1.
959 2301 994 2350 6
1015 2335 1030 2357 ‚
1054 2294 1202 2348 unde
1223 2296 1326 2347 hoc
1359 2307 1641 2347 mutuatus

612 2373 829 2427 videtur
855 2375 1060 2427 Plinius
1087 2394 1100 2428 ι
1143 2402 1165 2422 ι
1199 2378 1278 2427 Ex
1310 2372 1537 2439 Indicis,
1558 2374 1639 2426 in-

615 2455 735 2523 quit
754 2492 770 2519 ,
801 2454 1031 2507 nardum
1092 2452 1363 2525 quoddam
1393 2454 1641 2525 Gangitis

614 2546 852 2595 vocatur,
876 2552 906 2585 a
923 2533 1090 2586 fluvio
1111 2534 1300 2605 Gange
1319 2531 1463 2603 apud
1475 2550 1638 2605 quem

613 2614 894 2666 enascitur.
917 2638 941 2659 ι·
979 2612 1094 2663 Nec
1117 2630 1202 2664 me
1241 2612 1375 2682 fug-it
1409 2610 1639 2665 Hermo·

615 2692 756 2745 laum
791 2693 846 2743 in
875 2691 1176 2745 corollario
1206 2691 1357 2743 aliter
1385 2692 1603 2744 sensisse
1620 2711 1660 2758 3·

615 2766 707 2823 sed
731 2770 821 2824 ille
849 2772 1152 2842 conjectura
1186 2770 1515 2834 ducebatur;
1540 2790 1641 2825 nos

616 2850 856 2903 Diosoor.
885 2850 1198 2902 auctoritate
1213 2850 1455 2903 nitimur.
1478 2851 1637 2905 Prwr.

617 2928 1011 2994 -Ozoenitidis,
1022 2930 1086 2982 ab
1097 2928 1432 2999 6toeivoe,quod
1445 2946 1641 3001 nempe

616 3008 784 3061 odore
811 3008 952 3061 foedo
977 3026 1130 3061 nares
1147 3010 1324 3061 feriat.
1349 3010 1529 3063 Ham).
1558 3042 1643 3053 —

617 3078 808 3149 ὄζαινα
840 3088 990 3141 ulcus
1021 3100 1099 3141 est
1127 3086 1438 3150 sordidum,
1465 3090 1522 3141 in
1547 3110 1642 3143 na-

621 3169 774 3221 ribus
799 3168 985 3221 latens.
1014 3170 1181 3219 Βιιοτ.

703 3270 753 3313 ⁶7.
805 3248 1132 3300 Adulteratur
1189 3260 1237 3298 et
1287 3247 1638 3317 pseudonardo.

620 3328 754 3379 Item
774 3327 888 3379 luto
913 3328 1064 3380 sicce
1081 3326 1250 3380 radici
1263 3327 1561 3397 permixto,
1578 3346 1643 3381 ex

620 3405 948 3460 Diouem-ide.
991 3409 1197 3459 Duae.
1245 3438 1324 3448 —
1358 3407 1577 3460 Lectam
1610 3425 1643 3459 a

617 3500 676 3539 se
699 3484 1136 3557 pseudonardum
1149 3488 1206 3538 in
1227 3486 1476 3539 Genebra
1491 3504 1644 3539 mon-

617 3577 672 3618 te
690 3567 1042 3637 Delphinatus
1054 3607 1070 3631 ,
1087 3578 1310 3620 testatur
1330 3566 1641 3633 Charasius,

617 3645 674 3697 in
694 3646 1040 3717 Pharmcop.
1059 3647 1249 3699 Galen.
1265 3664 1378 3716 enp.
1407 3664 1474 3698 xx
1489 3686 1503 3709 ,
1519 3664 1641 3741 pag:

621 3742 750 3794 ²9²-
785 3726 1150 3789 Quamobrem
1181 3725 1617 3780 hallucinantur
1602 3727 1641 3778 ii

620 3804 712 3873 qui
739 3816 932 3874 putant
949 3818 1058 3857 esse
1077 3804 1433 3858 lavandnlam.
1455 3807 1640 3859 Hmn.

697 3886 753 3937 8.
775 3884 895 3936 Item
913 3904 1002 3936 saa
1021 3886 1206 3949 radice,
1223 3898 1321 3937 etc.
1344 3884 1637 3944 Rediculis‚

614 3979 708 4016 seu
727 3964 884 4016 fibris
909 3965 1174 4017 tenuibus.
1207 3965 1386 4017 Han.

695 4062 746 4111 9.
759 4045 858 4095 'Ac
882 4062 1071 4114 cypero.
1091 4044 1198 4097 Has
1219 4062 1373 4097 voces
1392 4061 1454 4096 ex
1481 4044 1637 4098 MSS.

555 4127 558 4131 ’
610 4122 743 4193 Reg.
773 4137 827 4177 et
846 4124 1002 4177 colb.
1027 4122 1344 4177 addidimus.
1370 4126 1451 4175 De
1477 4142 1637 4195 cype-

1728 1895 1820 1946 bio
1836 1933 1852 1960 ,
1874 1894 2145 1957 XXXIII,
2180 1892 2273 1946 33.
2296 1894 2470 1946 Habet
2494 1892 2580 1945 his
2606 1894 2759 1963 paria

1726 1973 1902 2027 Diosc.
1932 1974 2029 2027 lib.
2048 1974 2104 2039 1,
2130 1994 2245 2044 cap.
2276 1976 2329 2026 6.
2358 1974 2539 2026 Huni.
2562 2004 2643 2013 —
2662 1973 2764 2045 Cy-

1720 2074 1841 2125 pero
1864 2072 1927 2106 ex
1949 2054 2102 2107 libris
2116 2053 2492 2123 manuscriptis
2508 2092 2523 2117 ‚
2552 2072 2652 2123 pro
2676 2072 2761 2123 cy-

1720 2138 1835 2205 piro
1852 2174 1867 2199 ,
1891 2147 2012 2203 post
2028 2136 2231 2187 Broter.
2250 2133 2596 2185 restituimus.
2616 2132 2727 2185 En.

1816 2232 1898 2266 ιο.
1931 2213 2195 2266 sincerum.
2227 2210 2405 2266 Diosc.
2434 2212 2538 2265 loc.
2568 2212 2659 2265 cit.
2686 2212 2759 2267 Η.

1816 2310 1839 2345 1
1856 2308 1879 2343 1
1892 2333 1905 2345 .
1922 2292 2137 2345 Pretium
2154 2297 2297 2363 πρίσω
2320 2296 2371 2345 in
2390 2292 2538 2343 libras
2555 2332 2571 2357 ,
2589 2292 2669 2344 Χ.
2692 2292 2761 2347 C.

1728 2372 1945 2425 Denarii
1982 2386 2213 2425 centum.
2246 2372 2402 2424 Nunc
2436 2372 2592 2424 vilius
2626 2374 2765 2424 emi·

1727 2465 1833 2516 tur,
1860 2452 2032 2504 multo
2058 2452 2394 2522 expeditiore
2426 2453 2759 2505 commercio

1724 2531 1868 2603 apud
1893 2530 2081 2598 Indos,
2099 2548 2261 2603 quam
2278 2532 2409 2583 olim
2426 2532 2548 2584 fuit.
2569 2530 2761 2584 Ηιιιι).

1726 2646 1807 2654 —
1822 2611 2037 2664 Denarii
2053 2624 2269 2664 centum
2287 2623 2408 2664 sunt
2426 2624 2621 2664 nostrae
2633 2629 2761 2663 mo·-

1725 2704 1879 2756 netae,
1904 2690 1976 2744 63
2002 2692 2039 2743 f.
2069 2710 2140 2761 70
2168 2710 2214 2743 c.
2236 2692 2317 2743 De
2336 2692 2585 2755 monetis,
2606 2710 2761 2743 men-

1727 2772 1880 2836 suris,
1894 2772 1962 2823 cf.
1982 2771 2466 2835 Clar0Lm'aomm,
2484 2771 2541 2822 in
2564 2772 2765 2824 tabulis

1727 2863 1857 2903 tom.
1876 2851 1984 2903 XII
2000 2851 2111 2905 Tit.
2125 2850 2242 2904 Liv.
2254 2870 2310 2922 p.
2322 2870 2345 2904 1
2363 2868 2386 2905 ι
2400 2869 2452 2915 a,
2470 2848 2597 2904 edit.
2613 2864 2757 2904 nost.

1730 2932 1968 2983 annexis.
1996 2930 2100 2983 En.

1819 3030 1840 3064 ι
1856 3028 1906 3063 2.
1926 3008 2075 3074 Fotis,
2100 3020 2462 3081 praemonente
2471 3008 2728 3062 Salmasio
2741 3051 2760 3077 ,

1730 3107 1852 3143 cum
1880 3089 2160 3143 Harduino
2194 3090 2591 3160 rescripsimus:
2621 3088 2755 3145 edit.

1729 3182 1856 3223 vett.
1874 3170 2027 3236 solia.
2060 3168 2163 3221 En.

1817 3250 1903 3301 13.
1943 3248 2079 3299 Folia·
2110 3248 2308 3300 divisere
2352 3263 2608 3301 annonam.
2636 3248 2759 3303 Hoc

1731 3340 1830 3389 est,
1861 3328 2097 3399 pretium
2129 3326 2275 3381 eliud
2310 3329 2402 3380 alii
2438 3326 2595 3380 nardi
2622 3328 2759 3383 folio

1730 3419 2047 3461 mercatores
2074 3409 2246 3461 fecere
2271 3426 2284 3459 :
2328 3407 2515 3476 majori
2538 3406 2716 3461 minus
2738 3430 2755 3472 ς

1730 3487 1987 3553 minimo,
2020 3488 2327 3541 maximum.
2382 3484 2547 3551 Quod
2586 3506 2759 3558 porro

1730 3566 1799 3620 de
1826 3567 1965 3620 foliis
1984 3568 2137 3622 nardi
2164 3566 2390 3633 Plinius,
2414 3567 2517 3619 hoc
2542 3566 2611 3619 de
2636 3582 2755 3621 ma-

1730 3646 1979 3701 lobathro
2023 3666 2257 3719 quoque,
2305 3628 2453 3719 quod
2501 3644 2755 3701 Indicum

1728 3725 1914 3779 folium
1944 3746 2041 3778 κατ
2046 3726 2247 3795 ’ἐξοχὴν
2272 3740 2482 3790 vocant,
2507 3726 2761 3797 prodidit

1730 3820 1917 3860 auctor
1939 3804 2139 3877 Peripli
2162 3808 2323 3860 maris
2335 3806 2635 3877 Erythraei:
2657 3808 2759 3878 qui

1730 3886 1827 3937 tria
1850 3886 2170 3939 malobathri
2209 3904 2397 3957 genera
2432 3886 2591 3939 facit.
2636 3888 2759 3957 pri·

1700 3981 1875 4021 .mum
1919 3965 2065 4037 quod
2105 3969 2306 4039 majore
2349 3964 2517 4030 folio,
2548 3964 2755 4019 hadro-

1726 4044 2022 4116 epher-unu
2058 4047 2195 4099 forte
2233 4044 2421 4118 quod‘
2406 4064 2459 4098 ιιι
2488 4046 2754 4125 sphaeras,

1724 4142 1819 4177 seu
1840 4125 2031 4195 pilulas
2045 4126 2172 4179 folia
2191 4144 2251 4180 ea
2268 4116 2748 4181 convolveremur:
