2984 5009
1007 458 1327 533 LIBER
1375 460 1592 529 XVI.

2231 452 2432 549 609·

230 605 457 676 relicta
480 655 495 682 ‚
516 624 703 696 aeque
732 595 1033 667 miraculi
1055 620 1255 665 eausa
1271 646 1289 678 ‚
1308 618 1455 689 quae
1473 589 1848 659 diribitorio
1867 573 1889 611 ⁵
1920 586 2376 683 superfuerat,

230 740 325 782 xx
358 710 639 807 pedibus
670 706 959 789 brevior,
996 698 1435 797 sesquipedali
1466 694 1915 767 crassitudine.
1947 694 2146 765 Abies
2172 693 2377 763 admi-

230 818 507 888 rationis
551 814 901 910 praecipuae
934 812 1077 879 visa
1122 822 1223 877 est
1258 810 1327 876 in
1362 805 1554 891 navi,
1588 827 1737 898 quae
1780 826 1862 870 ex
1901 802 2192 896 AEgypto
2237 799 2383 871 Caii

230 1055 517 1129 magnifico
532 1092 549 1116 ‚
574 1044 955 1119 excellentique
970 1044 1119 1097 cultu
1137 1080 1151 1106 ‚
1172 1060 1260 1095 ex-

230 1137 387 1191 celsis
414 1132 740 1207 porticibus,
772 1126 1184 1198 ingentibusque
1207 1134 1265 1175 et

230 1217 425 1288 amplis
455 1209 911 1268 ambulationibus
958 1216 1171 1267 ornata,
1203 1202 1261 1253 in

230 1298 429 1368 quibus
456 1291 701 1366 pretiosa
738 1303 939 1341 merces
974 1280 1265 1337 venumda·

228 1379 447 1429 bantur.
462 1374 547 1426 Eo
566 1369 799 1444 populus
810 1365 881 1419 ad
902 1364 1119 1419 comitia
1140 1380 1266 1417 oon·

229 1456 515 1517 veniebat,
544 1464 607 1506 ut
642 1451 877 1503 honores
918 1445 1073 1498 daret
1110 1456 1163 1497 et
1192 1438 1263 1493 de

228 1554 348 1608 rep.
379 1544 637 1588 cerneret.
682 1529 833 1581 Alex.
861 1526 930 1580 ab
972 1524 1124 1577 Alex.
1163 1521 1261 1575 lib.

230 1616 318 1679 11,
349 1632 469 1685 cap.
522 1614 607 1667 18.
649 1611 857 1662 Dauo.
888 1636 971 1649 -—
1003 1604 1183 1657 Fuit...
1215 1613 1265 1653 et

231 1700 285 1748 in
304 1692 571 1767 porticibus
596 1700 857 1761 septorum·
895 1684 1058 1757 septa
1088 1682 1265 1735 dietus

230 1788 314 1831 est
333 1774 509 1837 locus,
526 1790 635 1843 quo
657 1768 891 1841 populus
916 1762 1267 1818 conveniebat

232 1854 303 1909 ad
348 1850 572 1907 ferenda
612 1847 863 1917 suffragia
897 1846 955 1898 in
994 1840 1260 1897 comitiis=

230 1935 329 2009 qui
352 1934 511 1986 locus
530 1929 719 2001 ligneis
736 1927 969 1999 primum
990 1921 1261 1977 cancellis,

230 2024 359 2088 post
398 2008 713 2065 marmoreis
758 2018 939 2078 septus
980 2015 1075 2056 est.
1128 1998 1265 2054 Inde

228 2112 451 2149 nomen.
478 2092 664 2143 Hsan.

318 2174 375 2229 5.
430 2170 741 2224 Diribitorio.
791 2163 897 2218 Alii
960 2162 1263 2215 delibatur-io-

230 2252 523 2307 Suetonius
560 2250 617 2302 in
668 2243 896 2301 Claudio
946 2242 1267 2295 diribitorium

232 2333 473 2407 appellat
491 2349 505 2384 ε
520 2330 759 2399 itemque
772 2325 937 2389 Dion,
950 2340 1152 2394 grecus
1172 2340 1266 2375 au-

232 2428 387 2477 ctor,
406 2408 781 2481 ὃιιριΰιτώριον,
798 2416 861 2457 ut
881 2398 1112 2456 dubitari
1130 2420 1266 2472 prse-

234 2509 383 2549 terea
402 2508 505 2545 nee
514 2490 679 2562 possit
694 2504 819 2556 ‚nec
832 2481 1045 2548 debeat,
1064 2481 1269 2535 etiamsi

234 2592 401 2628 nemo
432 2588 618 2625 eorum
636 2605 653 2630 ‚
698 2566 854 2637 quale
884 2562 941 2615 id
979 2574 1143 2628 esset,
1172 2580 1269 2614 ex-

234 2651 482 2726 plicavit.
508 2650 574 2702 In
602 2644 973 2717 antiquissimo
993 2654 1171 2695 autem
1196 2641 1271 2693 la-

233 2736 355 2789 tino
372 2730 570 2785 Lexico
585 2768 598 2793 ,
622 2729 680 2780 in
706 2718 951 2785 Noricis(
964 2720 1265 2793 Pomponio

235 2812 389 2868 Laeto
410 2798 703 2877 referente)
730 2805 989 2876 seriptum
1006 2813 1145 2865 erat,
1168 2800 1268 2853 Di-

238 2895 511 2947 ribitorc'um
526 2928 543 2955 ,
582 2908 613 2943 a
657 2882 944 2940 diribendo
961 2921 977 2947 ,
1008 2882 1115 2934 boc
1160 2892 1270 2948 est,

237 2966 615 3027 distribuendo
674 2964 1011 3020 nominatum
1066 2959 1228 3013 fuisse
1250 2998 1267 3024 ‚

238 3054 369 3127 quia
403 3052 550 3104 locus
576 3058 736 3112 esset,
766 3045 825 3098 in
873 3060 982 3115 qno
1024 3058 1267 3093 recense-

238 3146 432 3189 rentur
455 3128 744 3189 exercitus,
764 3136 818 3177 et
836 3118 1103 3194 stipendia
1126 3118 1271 3171 mili-

158 3268 171 3279 ,
237 3215 333 3269 tiae
360 3220 771 3265 numerarentur
798 3222 813 3257 ε
844 3214 909 3257 ut
945 3200 1149 3253 diribet-e
1170 3198 1268 3263 sit,

240 3290 397 3367 quod
422 3307 593 3362 groece
631 3278 881 3355 διανέμίιν
910 3281 1150 3353 χρήματα.
1173 3298 1186 3331 :
1212 3277 1269 3331 id

242 3386 423 3427 autem
452 3386 645 3423 munus
672 3366 729 3419 in
758 3361 1045 3437 provinciis
1069 3360 1270 3413 Procu-

241 3467 449 3509 ratores
488 3445 711 3504 Caesaris
757 3442 980 3496 obibant
1012 3458 1029 3493 z
1076 3438 1270 3491 Strabo

243 3545 469 3595 auctor,
512 3528 605 3600 qui
652 3538 707 3579 et
746 3523 955 3575 militare
994 3520 1272 3588 legista-ion

246 3616 433 3667 locum
476 3607 654 3661 vocari
701 3599 865 3657 tradit
912 3602 968 3653 in
1017 3598 1275 3651 relatione

246 3692 419 3767 Syrias
436 3730 453 3753 ,
480 3706 592 3740 non
617 3682 928 3739 dissimilem
960 3678 1175 3732 fortasse
1208 3677 1276 3729 ab

249 3793 319 3826 eo
333 3812 351 3838 ,
392 3766 539 3841 quod
566 3784 665 3819 nos
700 3762 1051 3816 diribitorium..
1084 3758 1275 3811 Cicero

250 3854 321 3907 ‹le
344 3848 523 3905 reditu
549 3864 647 3901 suo
672 3841 741 3897 ad
768 3854 1037 3894 senatum:
1056 3838 1277 3901 ‹Quan-

250 3932 325 3985 do
342 3972 361 3995 ,
378 3928 583 4001 inquit,
602 3925 712 3978 ulla
738 3921 993 3992 dignitate
1018 3930 1097 3971 tot
1124 3934 1278 3987 roga·

254 4025 427 4073 tores,
456 4006 763 4061 diribitores
809 3997 1157 4069 custodesque
1200 3995 1279 4047 vi-

257 4088 443 4147 distis?
462 4114 483 4135 ·
519 4088 635 4140 Hoc
675 4096 781 4147 est,
811 4079 1067 4141 divisores
1098 4074 1281 4129 distri·

424 4198 510 4268 V.

1348 1040 1702 1108 butor-esque,
1722 1035 1814 1109 qui
1829 1036 1968 1089 inter
1991 1034 2160 1089 tribus
2177 1035 2378 1091 viritim

1350 1117 1632 1189 pecuniam
1654 1112 1954 1169 dividerent
1973 1134 1986 1169 :
2002 1134 2139 1187 quos
2157 1116 2374 1170 Plautus

1351 1198 1409 1253 in
1438 1194 1712 1251 Aulularia
1739 1202 1978 1248 curiarum
2007 1198 2262 1265 magistros
2283 1215 2376 1267 ap·

1352 1276 1572 1349 pellavit
1583 1316 1600 1343 ‚
1623 1276 1717 1348 qui
1739 1274 2126 1329 distribuerent
2137 1314 2154 1341 ‚
2171 1276 2372 1349 inquit,

1355 1358 1562 1428 argenti
1612 1356 1782 1409 minas
1822 1356 1880 1408 in
1924 1356 2084 1409 viros.
2136 1356 2274 1409 Nam
2321 1370 2378 1411 et

1352 1436 1618 1492 Pedianus
1645 1436 1902 1489 Asconius
1930 1453 2168 1507 quaercrc
2211 1434 2266 1487 id
2290 1455 2380 1489 so·

1352 1517 1453 1584 let,
1480 1512 1748 1589 numquid
1777 1516 1946 1568 tribus
1989 1515 2255 1587 legitimos
2281 1516 2379 1569 ali-

1356 1616 1496 1669 quos
1516 1596 1765 1649 habuerit
1775 1594 2032 1651 divisores
2051 1614 2191 1649 suos.
2215 1596 2384 1649 Erant

1352 1690 1409 1731 et
1426 1678 1483 1730 in
1497 1676 1756 1747 petitione
1771 1676 2040 1728 honorum
2051 1714 2066 1741 ,
2081 1675 2175 1746 qui
2201 1675 2384 1729 munia

1354 1768 1408 1809 et
1439 1754 1638 1810 dictata
1681 1754 1924 1827 gratiosis
1961 1754 2262 1825 quibusque
2287 1774 2380 1809 sua

1354 1837 1685 1908 partirentur
1724 1852 1737 1888 :
1773 1846 1836 1887 ut
1871 1832 2013 1905 apud
2063 1834 2380 1889 Ciceronem

1352 1915 1570 1987 legitur.
1594 1914 1861 1968 Ausonius
1879 1912 1948 1967 ad
1975 1912 2290 1967 Gratianum
2311 1913 2381 1967 de

1354 1996 1634 2048 consulatu
1687 1986 1786 2047 suo
1821 2010 1840 2048 2
1879 2020 1902 2041 ι
1926 1992 2116 2057 Nihil,
2163 1994 2344 2065 inquit
2367 2032 2384 2061 ‚

1355 2093 1481 2151 cum
1521 2085 1792 2145 sequestre
1827 2072 2084 2145 deposui,
2117 2092 2240 2126 cum
2271 2072 2382 2128 dis·

1354 2155 1621 2207 tributore
1658 2147 1796 2207 nihil
1828 2152 2025 2224 pegigi.
2051 2178 2074 2201 ι
2111 2153 2383 2206 Distribu-

1356 2246 1530 2286 torem
1573 2234 1786 2287 vocavit
1825 2233 1941 2302 ipse
1983 2214 2148 2304 quem
2191 2233 2382 2287 Cicero

1355 2309 1758 2367 &abimum-Ex
1773 2311 1871 2365 hac
1885 2310 2231 2367 similitudine
2247 2325 2387 2367 stru·

1355 2407 1530 2447 ctores
1556 2391 1862 2465 epularum,
1906 2403 1959 2443 et
1983 2392 2206 2445 omnino
2245 2412 2384 2465 pra-

1355 2474 1519 2545 positi
1533 2474 1781 2543 negotiis,
1797 2490 1924 2525 voca
1931 2470 2114 2523 bulum
2141 2464 2207 2523 id‘
2220 2491 2384 2544 quan·

1356 2552 1535 2626 doque
1565 2553 1854 2623 accipiunt.
1885 2551 2168 2622 Apuleius,
2187 2551 2286 2605 lib.
2327 2554 2383 2605 11

1356 2634 1575 2687 Fabula
1597 2632 1817 2685 Milesia
1852 2648 1866 2683 :
1909 2656 1932 2677 ι
1955 2625 2229 2703 Frequens
2271 2633 2381 2697 ibi,

1356 2714 1553 2785 inquit,
1585 2712 1879 2784 epulonum
1909 2706 2217 2766 diribitores
2234 2712 2383 2782 plus-

1356 2794 1491 2857 culi,
1519 2784 1798 2865 splendide
1825 2790 2038 2857 amicti,
2065 2790 2267 2845 fercula
2291 2811 2384 2845 co·

1356 2874 1536 2945 piosa,
1562 2871 1750 2926 scitule
1793 2869 2156 2925 administrata
2178 2910 2194 2937 ,
2229 2872 2384 2943 pueri

1358 2952 1738 3016 calamistrati,
1779 2951 2003 3023 pulchre
2049 2948 2318 3005 indusiati.
2351 2977 2376 2999 ι.

1358 3034 1629 3086 Ammian.
1657 3032 1878 3095 XVIII,
1913 3030 1943 3084 5
1971 3049 1986 3084 2
2026 3056 2049 3078 e
2072 3033 2216 3084 Dum
2243 3028 2379 3094 haec,

1358 3114 1534 3185 inquit
1551 3150 1567 3177 ,
1596 3112 1653 3165 in
1693 3108 1879 3165 castris
1909 3110 2208 3163 Constantii
2235 3111 2387 3183 quasi

1356 3211 1453 3265 per
1466 3192 1633 3244 lustra
1647 3203 1876 3261 aguntur
1888 3202 1940 3243 et
1953 3208 2182 3254 scenam,
2196 3200 2248 3242 et
2260 3188 2386 3241 diri-

1356 3273 1558 3325 bitores
1572 3266 1908 3323 venumdata
1923 3269 2104 3321 subito
2119 3269 2403 3338 potestatis-

1356 3351 1592 3424 pretium
1629 3368 1729 3419 per
1761 3348 1999 3419 potiores
2033 3345 2387 3401 diffunditant

1357 3431 1564 3485 domos.
1577 3456 1598 3477 ι
1618 3430 1804 3483 Ηιιιυκ.
1819 3427 2383 3481 ΒΛιΒ.-Ῑ)ἰη”ὐι“τοι-ἱο.

1360 3513 1535 3565 Locus
1561 3511 1664 3563 suit
1689 3509 1746 3561 in
1773 3527 1882 3579 quo
1908 3508 2266 3560 censebantur
2290 3507 2386 3559 mi-

1362 3592 1512 3655 lites,
1540 3603 1592 3643 et
1623 3586 1902 3661 stipendiis
1932 3583 2276 3640 donabantur
2300 3607 2315 3638 ι
2355 3606 2386 3639 a

1362 3668 1656 3725 diribendo
1679 3708 1696 3735 ‚
1727 3669 1832 3721 hoc
1856 3678 1936 3720 est
1964 3706 1979 3730 ,
2009 3664 2386 3721 distribuendo

1365 3750 1587 3805 dictum.
1607 3746 1952 3819 Magnificum
1980 3745 2245 3817 imprimis
2259 3741 2388 3798 aedi-

1364 3831 1547 3885 ficium
1568 3830 1636 3883 ab
1659 3826 1892 3898 Agrippa
1916 3826 2222 3879 inchoatum
2236 3864 2252 3889 ‚
2273 3844 2393 3897 per·

1367 3911 1491 3964 fecit
1539 3921 1662 3981 post
1708 3909 1822 3977 ejus
1871 3906 2073 3959 obitum
2105 3907 2300 3975 August
2311 3924 2390 3956 us.

1368 3990 1512 4043 Vide
1555 3990 1786 4041 Dionem
1832 3982 1899 4039 ad
1946 4004 2032 4039 an.
2063 3984 2362 4039 DCCLVII
2379 4022 2395 4049 ,

1373 4072 1463 4124 lib.
1492 4069 1609 4122 LV.
1641 4069 1820 4119 Haut).

2041 4170 2139 4266 39
