2984 5009
719 454 849 525 132
981 452 984 455 ⁴
1406 456 1967 525 EXGURSUS
2016 456 2150 526 XI.

707 588 780 641 rit
795 576 907 655 (ι).
933 584 1140 638 Deinde
1163 584 1325 639 etiam
1353 581 1621 657 discrepat
1638 604 1666 641 a
1688 586 2059 659 Theophrasto
2074 625 2091 653 ‚
2110 578 2283 657 'quod
2306 577 2609 638 interiorem
2634 584 2811 637 fluctus

707 678 912 739 partem
952 665 1132 718 tritam
1170 664 1352 718 oleum
1391 668 1808 738 unguentarium
1842 667 2097 720 exhibere
2120 663 2411 719 contendat
2426 702 2441 730 ,
2468 682 2631 735 quum
2656 664 2812 717 Theo-

707 748 950 818 phrastus
975 746 1154 817 potius
1195 745 1464 815 putamine
1491 758 1714 799 contuso
1750 746 2035 800 odoratum
2058 743 2215 798 reddi
2245 742 2385 797 illud
2412 746 2587 798 oleum
2624 742 2810 803 doceat,
2908 768 2910 797 :

707 826 844 879 sicut
877 838 930 877 et
965 824 1258 878 recentiora
1289 822 1349 877 id
1376 824 1611 896 prohant
1654 828 2032 898 experimenta.
2070 825 2267 878 Oleum
2292 822 2438 877 enim
2473 824 2645 893 ipsum
2668 821 2813 875 odore

709 922 928 977 expers,
953 904 1324 975 putaminibus
1353 904 1556 957 fructus
1581 906 1817 961 contusis
1842 904 2067 970 additis,
2101 905 2344 976 fragrans
2372 902 2564 957 evadit.
2908 948 2910 955 .

791 986 874 1037 Eo
912 984 1032 1036 oleo
1073 984 1334 1047 Romani,
1375 981 1603 1055 perinde
1638 1004 1703 1038 ac
1744 985 1963 1050 Graeci',
2009 985 2313 1057 frequenter
2343 985 2657 1046 utebantur,
2692 993 2748 1034 ut
2772 990 2816 1032 et
2908 1008 2910 1013 .

709 1062 874 1117 Persii
893 1064 1048 1116 ‘locus
1061 1054 1152 1131 (a)
1179 1061 1306 1116 inde
1345 1062 1602 1117 declarari
1630 1065 1830 1135 possit,
1866 1077 1918 1118 et
1942 1063 2138 1118 medici
2178 1064 2413 1117 fructum
2429 1104 2445 1128 ,
2470 1075 2732 1133 tamquam
2750 1061 2817 1113 al·

706 1161 834 1195 vum
861 1140 1142 1197 ducentem
1185 1156 1239 1195 et
1277 1143 1541 1197 vomitum
1568 1144 1795 1197 cientem
1814 1186 1830 1210 ,
1864 1156 1917 1197 et
1961 1141 2376 1215 adstringentem
2400 1142 2705 1197 adhiberent
2726 1130 2815 1209 (3).
2908 1170 2910 1179 =

710 1222 899 1295 Neque
923 1233 1098 1275 tamen
1119 1220 1308 1274 desunt
1345 1223 1502 1293 plura
1532 1224 1893 1277 Romanorum
1926 1236 2203 1277 auctorum
2229 1224 2345 1277 loca
2362 1262 2379 1290 ,
2394 1222 2490 1276 ubi
2507 1221 2659 1292 longe
2678 1219 2819 1272 alium
2908 1252 2910 1279 :

707 1302 973 1367 fructum,
997 1300 1242 1370 dactylos
1267 1318 1464 1373 nempe
1479 1338 1497 1366 ,
1530 1321 1596 1356 eo
1624 1304 1847 1357 nomine
1890 1304 2203 1375 insignitum
2237 1302 2399 1356 fuisse
2436 1314 2601 1373 patet.
2642 1298 2821 1353 Plinius
2908 1340 2910 1357 ἦ

707 1380 927 1453 quidem
969 1378 1215 1452 glandem
1257 1382 1670 1451 unguentariam
1696 1383 2032 1454 myrobalani
2058 1383 2281 1437 nomine
2308 1383 2421 1437 fere
2458 1378 2651 1435 eodem
2681 1376 2821 1433 modo
2908 1410 2910 1415 ·

710 1459 965 1514 describit
990 1479 1053 1514 ac
1084 1459 1486 1530 Theophrastus
1515 1472 1570 1513 et
1599 1461 1964 1525 Dioscorides,
2014 1476 2209 1533 proter
2240 1462 2366 1515 folia
2383 1500 2400 1528 ‚
2428 1480 2553 1533 quo
2587 1478 2705 1512 cum
2738 1458 2819 1511 be·
2907 1492 2910 1521 :

708 1540 954 1611 liotropii
994 1538 1136 1591 foliis
1170 1551 1444 1609 comparat
1469 1579 1484 1603 ,
1531 1538 1679 1611 quod
1711 1560 1741 1593 a
1784 1542 2007 1595 veritate
2052 1542 2275 1595 omnino
2316 1531 2535 1594 recedit.
2582 1539 2823 1611 Optimam
2908 1572 2910 1599 s

707 1616 954 1691 glandem
985 1636 1098 1671 esse
1127 1618 1384 1671 Petraeam
1402 1650 1420 1678 ‚
1457 1618 1616 1690 nigro
1652 1620 1876 1685 cortice,
1906 1621 2100 1674 nucleo
2130 1618 2363 1674 candido
2403 1638 2417 1674 ε
2458 1631 2710 1691 proterea
2734 1633 2827 1669 cre-
2908 1664 2910 1667 Α

707 1716 856 1752 scere
893 1698 952 1750 in
979 1696 1276 1768 AEthiopia,
1315 1696 1514 1751 Arabia
1540 1716 1603 1752 ac
1632 1698 1787 1770 Syria
1802 1717 1824 1752 -:
1848 1700 1993 1753 'bene
2037 1718 2253 1773 quoque
2280 1698 2457 1765 addit,
2482 1699 2697 1752 cortices
2734 1707 2828 1749 tan·
2908 1748 2910 1759 ,

604 1807 608 1811 -
709 1790 826 1831 tum
852 1778 919 1830 ab
940 1772 1308 1848 unguentariis
1321 1776 1531 1848 premi,
1560 1795 1593 1830 a
1613 1776 1833 1832 medicis
1856 1779 2075 1833 nucleos
2088 1817 2105 1847 ,
2125 1777 2478 1833 tundentibus
2508 1777 2677 1831 affusa
2698 1774 2827 1848 paul·
2908 1816 2910 1839 i

709 1856 860 1910 latim
887 1873 1021 1928 aqua
1039 1844 1143 1923 (4).
1171 1854 1269 1909 Uti
1297 1855 1441 1909 enim
1487 1853 1693 1911 Plinius
1731 1858 1842 1911 fere
1877 1877 2144 1931 nusquam
2175 1857 2275 1912 sibi
2314 1870 2560 1913 conatam
2602 1856 2751 1920 solet,
2769 1854 2829 1906 ita
2906 1914 2910 1921 .

709 1949 762 1989 et
800 1932 1205 2010 myrobalanum
1254 1936 1358 1989 alio
1395 1935 1519 1988 loco
1558 1934 1720 1989 habet
1758 1936 1995 1991 fructum
2026 1937 2220 2009 palmas
2272 1938 2574 2009 :Egyptian
2613 1936 2701 1987 cui
2736 1950 2830 1986 ossa
2908 1974 2910 1979 ¹

709 2014 903 2069 desunt
921 2005 1029 2084 (5).
1060 2014 1144 2067 Ita
1175 2014 1332 2068 etiam
1370 2013 1557 2071 Celsus
1582 2034 1649 2069 ex
1678 2016 1932 2087 palmulis
1960 2027 2295 2087 unguentum
2336 2015 2519 2087 parari
2544 2012 2699 2077 dicit,
2728 2010 2829 2065 ideo
2907 2050 2910 2079 ἰ

709 2092 1041 2167 μύροὲἀλανον
1072 2104 1324 2147 ’νοδειῐιιιιι
1340 2084 1444 2163 (6).
1487 2094 1663 2148 Simili
1699 2094 1858 2165 plane
1892 2092 2057 2147 modo
2077 2134 2094 2159 ,
2129 2096 2225 2147 ubi
2252 2096 2478 2147 Veteres
2516 2088 2829 2165 φοιναοὸαλά·
2908 2154 2910 2159 .

709 2194 816 2237 νους
831 2212 850 2241 ,
875 2172 1115 2244 dactylos
1122 2210 1140 2235 ,
1179 2185 1492 2246 posuerant,
1524 2170 1845 2228 Theodorus
1885 2173 2186 2227 Priscianus
2214 2173 2571 2245 myrobalana
2594 2188 2833 2225 commen·

710 2252 802 2307 dat
823 2244 955 2325 (7).
987 2253 1256 2325 Antiquus
1299 2250 1536 2325 denique
1578 2250 1867 2305 Alexandri
1908 2252 2167 2307 Tralliani
2204 2258 2467 2325 interpres
2504 2250 2715 2305 disertis
2738 2267 2833 2303 ver-

707 2334 793 2387 bis
838 2330 1248 2479 φοινωὶοὲἷιλοὶνοις
1275 2331 1510 2386 auctoris
1556 2330 1961 2386 substituendos
1986 2350 2098 2387 esse
2118 2330 2487 2406 μυροὸοιλάνους
2521 2332 2798 2403 equivocus
2811 2364 2827 2391 ‚

806 2412 958 2467 hibet
1007 2416 1038 2467 8
1068 2452 1084 2465 .

709 2432 946 2546 perscha
964 2491 1077 2543 fere
1105 2488 1341 2543 Galenus
1363 2506 1488 2555 cum
1513 2488 1609 2553 iis,
1646 2488 1743 2561 qui
1764 2488 1931 2561 ipsius
1958 2492 2121 2545 verba
2158 2490 2643 2561 transcripserunt,
2680 2486 2835 2561 pristi-

709 2588 843 2625 num
867 2568 1095 2623 servavit
1120 2566 1380 2640 loquendi
1407 2587 1585 2622 usum.
1620 2568 1841 2623 Βάλανον
1872 2570 2131 2642 μυρεψικὴν
2166 2569 2358 2624 advehi
2380 2589 2447 2624 ex
2472 2565 2835 2623 Barbas-inuti

712 2662 886 2701 autem
911 2650 1294 2719 unguentarios
1319 2648 1492 2702 carnis
1519 2646 1632 2720 ejus
1660 2666 1849 2715 succo,
1876 2648 2022 2721 quod
2049 2649 2238 2703 melius
2263 2649 2530 2721 potuisset
2548 2649 2769 2703 Galenus
2782 2662 2837 2697 ex

711 2726 1084 2801 Theophrasto
1111 2724 1332 2780 discere.
1364 2727 1587 2799 Reliqua
1611 2746 1742 2781 vero
1763 2730 2031 2783 terrestria
2053 2742 2107 2782 et
2126 2726 2264 2783 dura
2284 2727 2651 2800 adstringente
2676 2726 2727 2779 vi
2742 2724 2839 2798 pol·

711 2810 822 2862 lere
845 2819 898 2860 et
923 2805 1101 2861 amara
1125 2824 1264 2873 esse,
1292 2806 1421 2861 hinc
1447 2804 1779 2863 incidentem
1810 2806 2007 2863 habere
2026 2808 2329 2863 facultatem
2345 2846 2362 2874 ‚
2387 2808 2661 2863 vomitum
2682 2817 2837 2859 autem

714 2904 929 2959 quoque
960 2886 1099 2939 ciere
1119 2898 1174 2939 et
1202 2882 1382 2940 alvum
1409 2884 1607 2941 ducere
1624 2882 1721 2956 (9).

791 2965 991 3041 Arabes
1021 2984 1149 3019 vero
1175 2962 1326 3019 aliud
1351 2985 1548 3019 nomen
1576 2966 1704 3019 huic
1730 2965 1931 3021 fructui
1956 2967 2334 3038 impertierunt
2348 3007 2366 3031 ‚
2412 2966 2554 3021 Been
2583 2976 2679 3021 aut
2712 2962 2839 3017 Hab-

712 3044 890 3099 abhus·
910 3044 1248 3119 appellantes.
1277 3046 1673 3117 Descriptiones
1702 3059 1881 3100 antem
1910 3064 2099 3101 eorum
2127 3044 2197 3100 ad
2228 3064 2467 3119 unguem
2494 3047 2611 3101 fere
2636 3059 2837 3100 consen·

781 3280 853 3345 (1)
883 3282 987 3330 Lib.
1009 3284 1107 3337 11,
1143 3281 1176 3330 f.
1201 3294 1318 3346 192,
1340 3280 1390 3331 b.

773 3360 848 3421 (a)
878 3361 974 3407 Sat.
994 3362 1077 3417 lv,
1105 3361 1165 3423 37
1188 3378 1200 3405 ι
1233 3382 1258 3402 α
1275 3362 1434 3419 Quum
1467 3370 1520 3408 tu
1540 3358 1741 3409 maxillis
1764 3360 2036 3409 balanatum
2061 3376 2265 3425 gausape
2290 3364 2459 3425 pectis.
2480 3383 2508 3403 .-

777 3440 853 3503 (3)
878 3440 1009 3489 Aret.
1036 3450 1184 3487 curat.
1209 3440 1326 3489 diut.
1350 3440 1435 3488 lib.
1459 3442 1509 3496 1,
1538 3457 1580 3487 c.
1618 3448 1705 3498 ιι,
1738 3458 1789 3504 p.
1816 3442 1931 3497 128,
1966 3442 2042 3489 ed.
2062 3442 2237 3497 Boerh3
2271 3442 2438 3489 Galen.
2458 3442 2611 3491 meth.
2634 3441 2755 3491 med.
2772 3438 2844 3485 lib-

715 3518 829 3567 1111
843 3554 857 3573 ‚
875 3535 922 3582 p.
949 3533 1065 3581 1793
1093 3518 1309 3565 Dioscor.
1332 3519 1365 3564 l.
1383 3535 1424 3566 e.
1447 3520 1619 3567 Galen.
1642 3520 1769 3583 apud
1792 3522 1900 3568 Ant.
1922 3528 2031 3567 tetr.
2054 3521 2307 3575 111,m·m.
2332 3534 2361 3567 a
2375 3552 2391 3573 ‚
2410 3535 2516 3583 cap.
2544 3538 2621 3580 u,
2644 3521 2733 3569 col.
2752 3521 2844 3570 5²4·

775 3599 846 3662 (4)
880 3597 1004 3645 Plin.
1035 3597 1124 3645 lib.
1145 3599 1291 3654 xm,
1321 3612 1364 3645 c.
1389 3612 1463 3646 ar.

777 3677 852 3740 (5)
883 3677 986 3724 Lib.
1009 3678 1166 3723 xxm
1183 3710 1200 3731 ,
1223 3692 1277 3725 -ο,
1305 3676 1349 3725 5.

777 3755 850 3816 (6)
881 3754 985 3801 Lib.
1015 3754 1096 3808 w,
1123 3768 1166 3801 c.
1205 3768 1252 3816 9.

777 3833 849 3895 (7)
878 3831 1111 3879 Theodor.
1139 3832 1363 3880 Priscian.
1381 3834 1525 3897 logie.
1547 3834 1633 3883 lib.
1657 3836 1731 3889 II,
1763 3851 1805 3883 c.
1836 3835 1897 3882 28
1914 3868 1929 3889 ,
1946 3852 1997 3898 p.
2034 3849 2137 3898 1⁰9·
2176 3835 2351 3899 (Rasil-
2374 3835 2497 3884 1532
2514 3868 2532 3891 ‚
2554 3835 2715 3897 isi-4.)

781 3912 854 3976 (8)
875 3912 1010 3959 Alex.
1031 3912 1176 3959 Trall.
1195 3912 1280 3959 lib.
1303 3914 1448 3969 vm,
1469 3930 1517 3962 c.
1540 3915 1569 3961 8
1587 3947 1602 3969 ‚
1623 3930 1675 3976 p.
1685 3912 1778 3969 4³6
1796 3946 1811 3970 ,
1830 3914 1907 3963 ed.
1921 3915 2118 3963 Gninth.
2140 3916 2409 3963 Andes-uae.
2440 3914 2644 3965 Salmas.
2668 3912 2850 3963 Plinian-

719 3990 919 4038 Exercit.
943 4006 992 4051 p.
1013 3988 1124 4053 930.

779 4070 850 4134 (9)
882 4070 1048 4117 Galen.
1071 4068 1232 4121 facult.
1255 4070 1456 4131 simplic.
1479 4069 1563 4117 lib.
1584 4072 1667 4123 vt.
1690 4086 1743 4133 p.
1758 4086 1817 4133 77
1838 4090 1855 4127 ;
1890 4073 2041 4120 Paull.
2062 4072 2145 4119 lib.
2170 4074 2285 4131 vn,
2302 4088 2353 4134 p.
2378 4074 2487 4121 232.
