2984 5009
568 416 612 487 8
1113 414 1193 483 C.

1246 414 1585 503 PLINH
1631 413 1843 485 NAT.
1899 413 2160 483 nlsT.

568 547 787 615 brium
808 572 929 642 per
947 545 1106 615 folia
1120 548 1433 641 crepitus,
1449 532 2023 640 laetiorem⁸‚quam
2039 570 2444 615 marmorum
2465 549 2706 634 nitore,

569 655 847 749 pictur'ae
888 655 1253 737 varietate,
1289 649 1698 747 laquearium
1749 676 1956 740 auro,
1995 652 2300 723 cubuisse
2339 654 2407 721 in
2445 640 2701 723 eadem.

502 796 532 828 ει
570 759 768 830 Aliud
805 758 1181 855 exemplum
1221 759 1403 827 Caii⁹
1440 750 1793 854 principiS,
1821 760 1890 827 in
1915 759 2262 829 Veliterno
2297 761 2706 843 rure-mirati

568 867 763 935 unius
794 864 1174 953 tabulata¹⁰,

1202 864 1477 960 laxeque
1508 890 1846 935 ramorum
1884 866 2186 935 trabibus
2220 888 2488 934 scamna
2515 879 2724 958 patu··

568 972 656 1059 la,
686 975 850 1041 etin
883 996 960 1042 ea
989 970 1259 1067 epulati,
1290 997 1498 1066 quum
1530 974 1669 1067 ipse
1695 996 1848 1067 pars
1875 987 2050 1041 esset
2073 971 2326 1041 umbrae
2343 969 2415 1059 ¹³,
2439 996 2524 1039 xv
2554 996 2708 1039 con·

568 1080 875 1149 vivarum
916 1104 995 1148 ac
1033 1078 1375 1147 ministerii
1412 1102 1657 1173 capace
1691 1077 2012 1163 triclini0‚
2044 1102 2244 1172 quam
2289 1101 2544 1146 coenam
2591 1100 2708 1173 ap-

568 1184 844 1281 pellavit
897 1182 1005 1253 ille
1046 1182 1359 1254 nidum¹².
1402 1187 1528 1255 Est
1560 1189 1879 1306 Gortynae
1933 1188 2003 1254 in
2044 1181 2257 1253 insula
2286 1186 2488 1252 Creta
2519 1184 2748 1277 juxta·

570 1290 825 1361 fontem
872 1290 1177 1388 platanus
1219 1316 1384 1378 una,
1427 1293 1704 1387 insignis
1735 1293 2081 1385 utriusque
2122 1274 2426 1383 linguae¹³
2472 1313 2710 1358 monu-

569 1400 855 1486 mentis,
897 1422 1262 1493 numquam
1311 1396 1469 1468 folia
1513 1400 1906 1469 dimittens:
1951 1398 2302 1527 statimque
2339 1396 2400 1463 ei
2439 1396 2714 1466 Graeciae

572 1450 997 1573 fabulositas¹
982 1490 1028 1535 ¹⁴

1057 1529 1257 1599 supet
1259 1503 1422 1591 fult
1448 1508 1686 1575 Jovem
1723 1506 1848 1574 sub
1885 1502 1996 1573 ea¹
2003 1490 2203 1573 ⁵cum
2245 1504 2518 1596 Europa
2550 1525 2713 1571 con-

571 1610 878 1679 cubuisse
924 1636 939 1678 :
988 1635 1109 1679 ceu
1158 1634 1321 1679 vero
1366 1636 1504 1681 non
1545 1610 1670 1681 alia
1731 1594 2098 1706 ejusdem¹⁶
2137 1610 2396 1703 generis
2436 1622 2606 1678 esset
2645 1608 2716 1677 in

501 1730 535 1784 3
574 1718 799 1812 Cypro
816 1714 863 1755 ¹⁷
870 1715 1045 1785 ,sed
1080 1740 1161 1785 ex
1202 1716 1316 1786 ea¹
1322 1702 1664 1812 “primum
1691 1719 1761 1786 in
1794 1718 1938 1812 ipsa
1974 1718 2177 1786 Creta
2207 1706 2320 1809 (ut
2347 1729 2449 1785 est
2479 1728 2718 1783 natura

658 1888 712 1941 8.
747 1890 1002 1941 Laetior-em
1030 1908 1174 1963 quam
1188 1930 1203 1956 ,
1237 1901 1337 1943 etc.
1368 1888 1606 1945 chifflet.

578 1967 698 2021 eod.
722 1968 1047 2041 latioremque.
1071 1970 1179 2021 En.

662 2067 718 2117 9.
750 2049 865 2102 Caii
881 2052 1132 2121 principis.
1176 2050 1355 2115 Quem
1398 2050 1612 2123 Caligu-

580 2129 687 2182 lsm
724 2140 934 2181 vocant.
960 2126 1141 2185 nino.

672 2228 755 2261 10.
783 2208 934 2261 Unius
958 2207 1193 2261 tabulata.
1214 2207 1391 2261 Unius
1412 2208 1612 2279 platani

584 2304 761 2343 ramos
802 2286 905 2341 late
948 2286 1206 2353 diffusos,
1252 2286 1612 2341 tabulatorum

587 2368 784 2431 instar,
828 2379 883 2419 et
924 2386 1281 2420 scamnorum.
1319 2368 1504 2420 Ham).
1531 2398 1614 2409 —

585 2446 718 2499 Mox
745 2444 1053 2499 Harduinus
1078 2463 1108 2497 e
1140 2443 1378 2499 Chifflet.
1410 2446 1614 2517 laxeque

587 2525 827 2597 reposuit
848 2546 863 2588 ς
884 2526 1070 2578 Dnlcc.
1100 2524 1331 2577 Elzevir.
1370 2524 1611 2579 Gronov.

588 2608 821 2675 lca-isque.
854 2604 957 2656 En.

674 2703 697 2736 1
718 2701 739 2734 ι
754 2721 767 2734 .
803 2683 933 2733 Pars
977 2690 1098 2733 essee
1127 2682 1322 2732 umbe-ce.
1361 2682 1450 2747 Sic
1486 2682 1614 2739 libri

589 2780 803 2827 omnes;
830 2760 925 2813 etsi
957 2759 1239 2813 Pintianus
1267 2760 1443 2817 malit,
1472 2782 1616 2833 quum

591 2844 787 2913 imparis
822 2852 945 2893 essee
970 2839 1167 2894 umbroe.
1195 2838 1465 2899 Sententia
1504 2851 1613 2899 est,

592 2922 783 2976 Caium
814 2918 1115 2991 principem
1146 2919 1406 2973 obesitate
1428 2937 1618 2991 corpo-

592 3002 664 3055 ris
691 3000 972 3054 maximam
1004 3000 1233 3061 umbrae.
1264 3018 1423 3070 quam
1446 3000 1615 3070 plata·

591 3098 693 3133 nus
726 3078 983 3141 efficeret,
1028 3092 1234 3151 partem
1288 3096 1612 3151 occupasse·

592 3158 943 3212 nihilominus
969 3178 1035 3212 xv
1058 3158 1326 3223 convivas,
1356 3176 1477 3210 cum
1515 3158 1614 3209 mi-

595 3239 774 3291 nistris
796 3257 856 3292 ac
874 3238 1035 3291 servis
1051 3277 1066 3304 ,
1086 3238 1189 3291 sub
1214 3236 1395 3311 eadem
1426 3236 1615 3288 umbra

595 3318 828 3371 latuisse.
871 3316 1049 3370 Haut).
1092 3349 1173 3361 —-
1200 3317 1505 3387 Dalecamp.
1540 3315 1620 3367 ni·

598 3396 765 3450 mium
792 3396 1067 3450 codicibus
1093 3392 1401 3471 derogando
1428 3394 1620 3461 fldem,

598 3477 932 3550 proponebat
947 3517 961 3542 ,
974 3480 1148 3528 circum
1161 3494 1330 3547 sparsa
1350 3478 1498 3545 ipsius
1519 3494 1622 3527 um-

600 3558 687 3609 bra
700 3577 722 3621 ‚·
748 3556 839 3610 sed
857 3556 990 3609 nihil
1018 3570 1225 3610 mutare
1244 3574 1379 3628 opus
1399 3567 1491 3608 est.
1519 3554 1620 3622 En.

690 3654 773 3690 ια.
804 3637 1002 3690 Νῖᾰιιιη.
1030 3636 1206 3702 Quam
1240 3637 1423 3689 festiva
1457 3648 1625 3693 transq

598 3716 797 3767 latione
822 3716 975 3785 'Vir-g.
1014 3716 1210 3787 Georg.
1246 3716 1334 3780 11,
1369 3734 1473 3784 ²09
1500 3755 1515 3782 ,
1537 3732 1622 3767 ar-

598 3794 757 3847 bores
777 3796 1007 3865 appellat
1041 3796 1277 3866 antiquas
1316 3795 1493 3847 avium
1524 3792 1623 3846 do·

600 3892 747 3937 mos;
780 3887 885 3926 tam
928 3872 1106 3943 lepide
1146 3874 1305 3928 Caius
1342 3872 1622 3927 hominum

595 3951 785 4005 nidum
816 3950 989 4015 istud,
1032 3952 1177 4023 quod
1209 3954 1452 4024 platanus
1486 3974 1622 4026 prae·

596 4032 734 4098 buit,
765 4032 1055 4084 triclinium
1074 4044 1243 4085 vocat.
1278 4032 1458 4103 Han.

1783 1910 1808 1945 1
1821 1896 1872 1944 3.
1909 1890 2168 1962 Utriusque
2190 1890 2387 1958 lingua.
2409 1888 2541 1941 Nam
2563 1883 2631 1940 de
2653 1903 2718 1940 ea

1695 1988 1865 2043 grace
1895 1969 2302 2041 Theophrastus
2320 1968 2518 2020 Histor.
2547 1966 2718 2020 Plant.

1697 2052 1756 2115 1,
1803 2050 1902 2115 153
1943 2068 2008 2102 ex
2047 2067 2216 2119 eoque
2253 2048 2417 2101 latine
2439 2048 2615 2099 Varro
2652 2044 2719 2099 de

1697 2131 1776 2181 Re
1797 2141 1928 2182 rust.
1946 2130 1992 2193 1,
2016 2146 2068 2199 7.
2084 2128 2267 2180 Hann.

1785 2216 1874 2272 14.
1926 2207 2137 2261 Groecioe
2158 2206 2472 2275 fabulositas.
2519 2203 2723 2257 Plinius

1697 2286 1811 2358 ipse
1835 2287 1930 2339 lib.
1958 2287 2043 2339 IV
2071 2286 2245 2352 initio,
2270 2284 2338 2337 de
2355 2284 2513 2338 tertio
2543 2285 2723 2337 Euro-

1697 2386 1782 2439 pae
1808 2367 1928 2419 sinn
1959 2388 1974 2419 ι
2010 2392 2032 2413 ι
2058 2365 2248 2421 Omnis
2270 2364 2488 2418 Graeciae
2511 2364 2721 2418 fabulo-

1699 2446 1824 2499 sitas
1839 2483 1855 2510 ,
1886 2447 2021 2499 sicut
2039 2457 2092 2497 et
2109 2444 2400 2498 litterarum
2429 2443 2637 2497 claritas
2656 2463 2723 2497 ex

1699 2524 1806 2579 hoc
1829 2526 2063 2597 primum
2078 2525 2198 2578 sinu
2218 2524 2438 2579 effulsit.
2456 2550 2478 2571 ι
2498 2523 2680 2576 Hann-

1788 2608 1876 2659 15.
1917 2604 2082 2657 Jovem
2125 2603 2212 2656 sub
2257 2624 2331 2657 ea.
2365 2602 2726 2675 Theophrast.

1701 2686 1804 2738 loc.
1833 2684 1923 2738 cit.
1955 2684 2037 2737 ἐπὶ
2057 2685 2252 2753 ταύτῃ,
2279 2684 2371 2736 ubi
2394 2684 2476 2736 ἐπὶ
2501 2684 2610 2737 ἀντὶ
2638 2688 2724 2737 τοῦ

1699 2766 1796 2827 ὑπὸ
1843 2763 2048 2818 dictum
2077 2781 2091 2815 ε
2131 2764 2227 2829 etsi
2275 2764 2453 2817 arbori
2495 2760 2724 2815 insidere

1702 2844 1804 2911 ipsi
1855 2846 2072 2915 Europa
2121 2842 2337 2896 videtur
2385 2843 2443 2895 in
2499 2860 2725 2895 nummo

1702 2926 2030 2987 Por-rrmnn
2052 2960 2068 2982 ,
2104 2920 2250 2991 apud
2278 2923 2474 2976 Anton.
2503 2926 2723 2993 August.

1644 3012 1656 3024 κ
1703 2998 1826 3053 diat
1860 3001 1914 3065 3,
1935 3018 2057 3072 pag.
2089 3000 2182 3053 85.
2219 2987 2404 3054 nnio.

1789 3083 1878 3133 16.
1905 3080 2157 3151 Ejusdem.
2193 3078 2280 3132 Sic
2315 3078 2574 3134 chiffletii
2601 3077 2724 3135 cod.

1702 3160 1898 3223 Antea,
1925 3160 2046 3230 ejus²
2080 3158 2185 3211 En.

1790 3258 1878 3311 17.
1923 3238 1987 3290 In
2027 3236 2209 3313 Cypro.
2243 3238 2423 3293 'Varro
2464 3252 2518 3293 et
2545 3238 2726 3292 Theo-

1703 3317 1906 3390 phrast.
1947 3318 2077 3371 locis
2108 3316 2364 3382 laudatis,
2391 3318 2613 3371 similem
2641 3334 2728 3369 ex·

1706 3396 1895 3450 stitisse
1922 3411 1975 3451 et
2001 3397 2058 3451 in
2087 3398 2270 3470 Cypro
2287 3399 2556 3470 platanum
2586 3398 2726 3467 pari-

1709 3490 1791 3529 ter
1817 3476 2186 3553 prodiderunt.
2214 3477 2582 3529 {Imm—De
2605 3493 2727 3546 pro·

1710 3555 1914 3629 digiosa
1943 3558 2190 3629 platano,
2216 3574 2334 3626 quae
2365 3555 2421 3606 in
2451 3554 2622 3607 insula
2645 3556 2724 3611 Co

1711 3635 1979 3708 hodieque
2033 3636 2252 3701 visitur,
2288 3634 2512 3687 circuitu
2551 3638 2726 3689 trunci

1711 3734 1850 3769 xxxv
1889 3714 2050 3786 pedes
2097 3727 2405 3786 superante,
2443 3714 2611 3767 multa
2647 3716 2725 3768 le-

1711 3792 1880 3867 genda
1925 3806 2073 3858 sunt,
2120 3812 2237 3865 quae
2283 3794 2339 3846 in
2371 3793 2728 3866 Ephemeride

1713 3872 1956 3945 quadam,
1980 3874 2138 3945 vulgo
2154 3873 2380 3944 l’Hyge‘e‚
2401 3892 2586 3929 recens
2605 3894 2730 3947 pro·
2761 3868 2768 3877 ⁴

1710 3952 1951 4018 dierunt,
1983 3972 2049 4007 st
2084 3956 2191 4026 jan.
2227 3954 2390 4024 ¹8²7·
2419 3956 2527 4009 En.

1802 4034 1886 4099 18.
1920 4032 2022 4085 Sed
2055 4054 2116 4086 ex
2158 4054 2233 4085 ea.
2279 4034 2357 4086 Ex
2402 4033 2726 4109 Gortynensi
