2984 5009
741 466 884 537 300

1271 472 1354 541 C.
1404 473 1745 543 PLINII
1788 470 2009 542 NAT.
2062 470 2315 539 HIST.

738 601 897 671 alias
933 605 1359 697 grammatica
1393 619 1537 675 arte
1563 603 1843 690 celebri,
1876 607 1942 674 in
1978 606 2162 675 hisce
2195 606 2329 672 XX
2357 604 2551 673 annis
2572 618 2826 673 mercato

737 733 852 778 rus
871 697 1066 780 '⁹-D—C
1093 735 1443 781 nummum
1462 710 1513 735 ²⁰
1540 714 1607 780 in
1642 712 1873 781 eodem
1902 706 2327 780 Nomentano
2362 708 2602 779 decimi
2635 709 2829 805 lapidis

701 815 822 885 .ab
859 818 1047 887 Urbe
1078 817 1486 888 diverticulo.
1532 822 1653 888 Est
1694 833 1917 887 autem
1953 840 2422 912 usquequaque
2456 831 2618 885 nota
2650 815 2829 885 vilitas

733 921 1034 993 mercis²¹
1075 948 1194 1019 per
1235 926 1456 993 omnia
1496 925 1906 1011 suburbana,
1946 924 2035 994 ibi
2082 938 2305 993 tamen
2352 924 2669 1008 maxima,
2700 948 2829 1016 quo-

670 1078 680 1087 .
733 1029 908 1098 niam
947 1045 1015 1099 et
1047 1028 1345 1125 neglecta
1380 1057 1501 1126 per
1537 1029 2013 1126 indiligentiam
2052 1029 2299 1126 praedia
2342 1044 2723 1123 paraverat,
2766 1050 2829 1097 ac

731 1160 816 1204 ne
857 1139 925 1203 in
969 1138 1268 1233 pessimis
1320 1138 1587 1232 quidem
1637 1137 2052 1233 elegantioris
2098 1134 2236 1207 soli.
2295 1140 2457 1205 Haec
2516 1158 2829 1230 aggressus

731 1242 1072 1329 excolere,
1125 1268 1262 1313 non
1315 1246 1559 1314 virtute
1616 1246 1853 1324 animi,
1906 1244 2021 1314 sed
2069 1244 2361 1311 vanitate
2406 1244 2664 1363 primo,
2712 1264 2831 1335 quae

729 1363 888 1417 nota
933 1352 1097 1420 mire
1139 1344 1211 1418 in
1245 1347 1356 1419 illo
1393 1350 1585 1419 fuit²²
1592 1404 1611 1437 ‚
1647 1354 1990 1446 pastinatis
2026 1349 2111 1419 de
2150 1351 2413 1468 integro
2460 1352 2664 1417 vineis
2698 1370 2829 1417 cura

728 1454 1058 1541 Stheneli,
1101 1455 1261 1524 dum
1303 1457 1659 1551 agricolam
1702 1458 2033 1531 imitatur²
2037 1446 2085 1541 ³,
2125 1456 2209 1525 ad
2248 1456 2358 1523 vix
2394 1454 2701 1524 credibile
2733 1454 2829 1522 mi·

730 1560 1031 1631 raculum
1077 1562 1417 1658 perduxit,
1487 1566 1659 1633 intra
1720 1578 2030 1633 octavum
2086 1586 2335 1631 annum
2385 1546 2623 1630 CCCC
2668 1585 2827 1629 num·

659 1660 977 1741 smum·²⁴

1015 1672 1300 1763 emptori
1345 1670 1609 1739 addicta
1653 1670 1980 1764 pendente
2019 1668 2392 1753 vindemia.
2434 1669 2828 1759 cucurritque

725 1798 923 1844 nemo
971 1765 1172 1845 non²⁵
1216 1776 1302 1845 ad
1350 1777 1741 1871 spectandas
1790 1800 2071 1845 uvarum
2124 1778 2193 1845 in
2234 1776 2313 1845 iis
2360 1775 2569 1844 vineis
2615 1789 2830 1853 strues,

718 1958 974 2013 imitatur.
998 1960 1086 2015 Sic
1109 1962 1268 2033 paulo
1289 1975 1415 2033 post
1435 2001 1452 2027 ,
1473 1982 1589 2015 cura
1611 1961 1749 2014 Sthe·

720 2041 820 2091 aeli
832 2079 848 2106 ,
897 2041 1012 2093 dum
1059 2041 1326 2111 agricolam
1375 2046 1606 2095 imitatur.
1668 2044 1751 2095 De

719 2120 985 2173 Rhemnio
1012 2122 1312 2175 Palaemone
1349 2124 1517 2176 multa
1558 2125 1747 2176 Sueto-

716 2199 867 2268 nius,
895 2200 990 2253 lib.
1032 2198 1102 2254 de
1127 2202 1317 2254 illustr.
1359 2202 1599 2255 Gramm.
1626 2220 1743 2272 cap.

723 2277 813 2333 23.
836 2280 1041 2333 Tiberii
1077 2294 1130 2335 et
1173 2279 1384 2335 claudii
1412 2283 1747 2378 temporibus

718 2359 874 2413 vixit.
900 2360 1080 2415 ΗΑιιι).

804 2458 894 2510 19.
930 2440 1150 2492 Mer-cato
1197 2460 1297 2493 rus.
1337 2440 1499 2494 Ruris
1522 2441 1745 2495 nomine

717 2532 920 2573 certum
945 2520 1174 2591 aliquem
1195 2523 1442 2592 jugerum
1471 2518 1693 2574 modurn
1714 2538 1745 2573 a

718 2598 893 2651 Plinio
941 2619 1088 2652 nunc
1127 2600 1322 2672 signari
1349 2618 1459 2653 non
1488 2598 1741 2653 dubitan-

717 2674 868 2732 dum.
893 2680 1205 2733 Centuriam
1225 2678 1450 2733 Budaeus
1465 2679 1743 2751 intelligit,

717 2776 880 2828 quam
905 2757 960 2810 in
976 2759 1114 2830 agris
1133 2759 1317 2831 jugera
1343 2757 1571 2812 ducenta
1584 2760 1743 2831 signi-

682 2834 876 2889 -ficare
911 2852 1099 2892 auctor
1129 2851 1208 2891 est
1237 2838 1530 2893 Columella
1548 2878 1565 2901 ,
1584 2838 1651 2892 de
1680 2842 1739 2893 R.

714 2916 782 2970 R.
799 2917 892 2969 lib.
917 2917 990 2983 V,
1005 2936 1125 2988 cap.
1153 2938 1204 2983 1,
1225 2938 1351 2971 cum·
1366 2919 1618 2972 Varrone
1634 2958 1650 2983 ,
1671 2918 1742 2973 de

713 2995 776 3049 L.
804 2996 865 3049 L.
887 2997 1102 3069 mxlv,
1127 2994 1302 3051 Hann.

799 3095 886 3129 πο.
905 3064 996 3125 {TC
1011 3096 1265 3131 nutantum.
1286 3079 1525 3132 Centena
1546 3078 1740 3146 millia,

713 3168 773 3209 ut
794 3156 944 3226 prius
961 3196 976 3219 ,
993 3157 1186 3211 lineola
1202 3159 1530 3229 superposite
1545 3160 1739 3230 signari

711 3254 924 3301 remur;
958 3248 1084 3290 sunt
1107 3250 1284 3291 autem
1327 3239 1615 3291 sexcenties
1658 3258 1736 3293 se·

711 3316 952 3369 etex-tium
993 3330 1216 3371 centena
1269 3316 1438 3371 millia
1456 3356 1473 3383 ,
1538 3320 1739 3389 gallico

709 3395 860 3449 libra
899 3400 1204 3463 6‚ooo‚ooo.
1238 3396 1304 3450 H.
1341 3428 1416 3441 -·
1463 3399 1736 3453 Broterius

711 3475 842 3545 DC,
867 3476 982 3530 sine
1012 3478 1206 3532 lineola
1241 3480 1596 3548 superposita.
1628 3479 1733 3532 Eu.

794 3578 822 3610 2
836 3576 886 3612 1.
913 3558 1096 3611 Vilicus
1108 3561 1292 3611 mercis.
1321 3557 1653 3611 Praediomm
1674 3578 1736 3612 ac

627 3656 632 3661 ·
707 3634 1020 3691 fundorum.
1049 3640 1254 3692 Duae.
1283 3669 1364 3681 —
1394 3638 1593 3692 Vilitas.
1618 3640 1733 3691 Ma-

635 3780 643 3788 ·
707 3714 849 3768 xima
903 3717 1043 3782 fuit,
1091 3718 1294 3790 inquit,
1323 3718 1497 3771 vilitas
1540 3718 1733 3790 pretii,

706 3812 834 3848 rnre
861 3795 959 3849 illo
987 3798 1182 3874 prioris
1206 3796 1416 3851 domini
1441 3799 1733 3869 negligenti

705 3874 912 3928 cultum
955 3866 1096 3931 male
1135 3876 1319 3930 habito
1365 3896 1378 3929 :
1429 3891 1482 3931 et
1533 3880 1731 3951 alioqui

706 3954 995 4008 constituto
1025 3956 1082 4009 in
1111 3956 1430 4011 Nomentani
1455 3959 1567 4033 agri
1589 3958 1735 4013 haud

706 4034 1032 4089 feracissimo
1062 4049 1254 4090 tractu.
1282 4038 1461 4090 lino.

793 4118 883 4170 εἰ.
921 4117 1052 4187 Qua
1088 4127 1205 4169 noca
1235 4121 1352 4170 mie-e
1389 4122 1441 4171 in
1492 4118 1582 4171 illo
1606 4120 1729 4185 suit.

1832 1961 1885 2015 N
1886 1980 1955 2015 on
1976 1974 2100 2015 sunt
2118 1962 2235 2013 haec
2254 1960 2415 2013 verbe
2435 1960 2616 2031 spuria
2630 1990 2649 2021 2
2664 1958 2829 2020 utPin·

1832 2042 2007 2094 tianus
2024 2041 2229 2095 censuit
2244 2078 2261 2105 ,
2284 2038 2377 2093 scd
2396 2040 2659 2111 genuinus
2678 2050 2829 2092 ancto-

1831 2120 1905 2185 ris
1958 2122 2125 2185 fetus,
2166 2120 2431 2193 carpentis
2460 2118 2639 2173 obiter
2680 2136 2829 2190 gram·

1832 2200 2011 2253 matici
2066 2218 2269 2266 mores,
2330 2212 2389 2253 ιιι
2433 2200 2596 2269 paulo
2647 2212 2755 2269 poet
2786 2207 2831 2249 et

1832 2282 2071 2346 Senecae,
2098 2307 2121 2327 ι
2153 2278 2435 2351 Principiis
2464 2291 2578 2331 tum
2602 2276 2828 2331 eruditio·

1831 2360 1913 2412 nis
1964 2379 2027 2414 ac
2091 2359 2375 2430 potentio,
2422 2376 2543 2429 qnae
2586 2370 2829 2430 posu-emo

1830 2440 1994 2492 nimia
2022 2440 2124 2492 fuit
2146 2458 2305 2510 super
2334 2440 2529 2509 ipsum.
2556 2462 2579 2485 ι
2612 2438 2680 2491 Η.

1914 2520 2006 2573 23.
2026 2520 2161 2573 Cura
2190 2518 2427 2580 Stheneli,
2454 2518 2569 2570 dum
2592 2515 2829 2587 agricolam

1831 2602 2067 2653 imitatur.
2128 2600 2192 2651 In
2254 2599 2546 2670 archetypo
2590 2597 2828 2649 Toletano

1827 2679 1981 2733 aliter
2017 2697 2032 2731 :
2069 2705 2092 2727 ι
2126 2680 2268 2733 Cura
2297 2678 2538 2732 Stheleni
2566 2676 2825 2747 agricolam

1830 2758 2129 2813 imitatus.»
2162 2756 2473 2829 Legendum
2492 2774 2647 2822 reor,
2671 2770 2829 2807 «cura

1831 2838 2066 2893 Stheneli
2103 2838 2345 2911 agricolai
2375 2837 2647 2891 invitatus.
2673 2834 2827 2886 ·Por-

1827 2936 1893 2971 ro
1932 2919 2092 2971 verba
2121 2937 2239 2990 quan
2266 2918 2446 2972 statim
2486 2930 2612 2970 ante
2655 2930 2829 2987 proce·

1830 2996 1994 3064 dunt,
2060 3016 2209 3051 onon
2258 2996 2454 3050 virtute
2498 2996 2704 3059 animi,
2750 2987 2829 3045 ted

1826 3079 2085 3145 vanitate,
2111 3095 2229 3151 qun
2259 3077 2438 3149 primo
2468 3088 2605 3130 nota
2634 3074 2755 3128 mire
2779 3071 2827 3122 in

1826 3156 1921 3211 illo
1952 3158 2086 3231 fuit,
2123 3184 2147 3206 ι
2181 3176 2293 3209 non
2321 3155 2519 3221 Plinii,
2546 3154 2637 3209 sed
2680 3154 2829 3205 aliem

1826 3255 1935 3291 esse
1961 3235 2121 3293 duco.
2154 3238 2267 3291 Nec
2299 3236 2442 3289 enim
2479 3235 2657 3289 Plinio
2687 3232 2827 3285 histn-

1824 3318 1957 3370 riam
1988 3331 2191 3372 natura
2233 3316 2487 3370 scribenti
2522 3328 2719 3369 tantum
2744 3308 2827 3363 otii

1822 3398 2143 3468 superfuisse
2166 3396 2454 3450 verisimile
2479 3408 2586 3461 est,
2608 3407 2665 3448 ut
2681 3408 2827 3465 gram·

1824 3477 2006 3530 matici
2060 3494 2234 3531 mores
2286 3490 2393 3529 tam
2450 3476 2666 3549 curiose¹
2690 3468 2827 3525 nobis

1822 3554 2167 3611 describeret.
2189 3556 2350 3608 Purr.
2367 3584 2447 3596 —-
2472 3554 2607 3608 Cura
2618 3550 2823 3607 semels·

1822 3635 2099 3690 Adhibens
2134 3636 2355 3689 culturae
2385 3652 2557 3706 genus
2584 3630 2708 3688 illud
2727 3646 2823 3700 quo

1822 3716 2064 3771 Stheneli
2109 3715 2371 3787 agricola,
2426 3732 2489 3767 ex
2542 3710 2825 3805 praecripto

1822 3798 1971 3867 ejus,
2002 3808 2259 3875 Lteretur.
2288 3796 2470 3847 Han.

1902 3883 1995 3940 ²4·
2006 3876 2182 3929 CCCC.
2197 3872 2647 3945 Quadringenties
2662 3880 2822 3925 mter·

1821 3958 1975 4012 tium.
2005 3956 2365 4011 IL-Broter-
2392 3965 2451 4006 ut
2479 3972 2597 4025 sup.
2624 3946 2817 4006 CCCC,

1821 4038 2017 4091 omisso
2037 4035 2321 4089 millesimo
2339 4050 2586 4087 numero.
2602 4034 2699 4085 En.

1902 4118 1993 4171 25.
2040 4115 2357 4187 Cenem-vitque
2383 4132 2521 4167 nem
2546 4130 2658 4167 non.
2688 4106 2823 4162 Prius
