2984 5009
1026 478 1335 545 LIBER
1392 478 1600 546 xv1.
2253 476 2408 575 573.

224 616 339 685 cui
368 614 385 639 ¹
468 630 537 683 et
590 636 815 683 semen
862 610 1173 705 nigrum,
1216 610 1327 680 alii
1382 627 1727 681 crocatum
1747 596 1793 636 ¹⁵
1833 638 1850 681 :
1890 612 2078 707 cujus
2131 596 2422 685 coronis·

224 706 523 817 poetae¹⁶
560 734 883 805 utuntur,
913 716 1087 787 foliis
1126 720 1343 787 minus
1385 721 1594 813 nigris
1625 744 1640 786 :
1675 742 1876 813 quam
1923 720 2196 814 quidam
2242 724 2392 816 Ny-

222 832 401 899 siam
419 827 495 915 ¹⁷,
536 826 647 896 alii
688 825 1083 895 Bacchicam
1120 839 1405 911 vocant,
1452 827 1756 894 maximis
1805 826 1979 895 inter
2013 828 2239 922 nigras
2281 852 2392 897 co-

222 934 517 1029 rymbis.
582 932 876 1024 Quidam
934 931 1113 1025 apud
1176 934 1448 1001 Graecos
1520 934 1878 1001 etiamnum
1943 932 2078 1003 duo
2148 959 2392 1029 genera

220 1042 438 1135 hujus
504 1040 795 1121 faciunt,
864 1062 903 1106 a
961 1036 1189 1108 colore
1254 1040 1602 1108 acinorum
1649 1058 1665 1099 τ
1723 1038 2153 1133 erythranum
2177 1026 2258 1128 ¹⁸,
2325 1056 2392 1111 et

221 1149 763 1243 chrysocarpum
785 1144 852 1213 ¹⁹.
900 1143 1227 1213 Plurimas
1250 1160 1473 1215 autem
1501 1145 1707 1215 habet
1731 1144 2138 1216 differentias
2174 1146 2382 1231 helix,
2421 1156 2454 1215 4

222 1256 557 1351 quoniam
590 1252 752 1322 folio
780 1252 1067 1321 maxime
1106 1251 1306 1321 distat
1325 1252 1395 1320 ²⁰.
1434 1256 1649 1321 Parva
1687 1254 1901 1321 sunt²¹
1928 1268 1995 1321 et
2029 1252 2345 1348 angulosa
2367 1308 2388 1339 ‚

224 1362 805 1453 concinnioraque
824 1360 908 1438 ²²,
964 1383 1171 1452 quum
1224 1356 1630 1453 reliquorum
1696 1383 2012 1453 generum
2067 1360 2391 1455 simplicia

223 1470 388 1537 sint.
454 1468 679 1537 Distat
740 1481 807 1535 et
862 1464 1273 1560 longitudine
1289 1454 1338 1493 ²³
1412 1465 1936 1535 internodiorum
1988 1494 2003 1534 :
2053 1470 2390 1563 proecipue

224 1589 471 1645 tamen
520 1572 901 1655 sterilitate,
966 1573 1282 1665 quoniam
1336 1572 1632 1641 fructum
1683 1598 1818 1641 non
1867 1566 2158 1668 gignit²⁴.
2219 1576 2388 1664 Qui·

222 1682 385 1751 dam
417 1666 474 1709 ²⁵
501 1680 632 1749 hoc
670 1681 877 1749 aetatis
898 1702 1039 1747 esse
1066 1732 1084 1765 ,
1112 1704 1247 1747 non
1282 1679 1542 1773 generis
1577 1680 1956 1749 existimant
1986 1706 2001 1748 z
2039 1683 2392 1777 primoque

225 1786 525 1857 helicem
556 1811 731 1873 esse,
773 1786 915 1854 fieri
949 1784 1215 1853 ederam
1252 1800 1605 1855 vetustate.
1657 1790 1919 1855 Horum
1955 1812 2144 1857 error
2181 1791 2396 1857 mani-

225 1894 449 1965 festus
508 1891 897 1987 intelligitur
941 1918 955 1960 ε
1011 1894 1323 1987 quoniam
1380 1878 1612 1963 helicis
1664 1892 1857 1988 plura
1909 1918 2152 1987 genera
2200 1920 2390 1991 repe·

394 602 419 645 ⁴

225 2054 343 2106 ἀλλ’
360 2052 455 2119 οὐχ
474 2051 653 2121 ὁμοίως
671 2048 898 2120 φανερὰς,
924 2052 955 2095 ι’
970 2046 1061 2101 sed
1078 2066 1187 2101 non
1206 2047 1275 2101 ad

224 2129 495 2185 eumdem
526 2128 747 2183 modum
780 2129 1109 2199 conspicuas.
1129 2154 1152 2175 ι
1184 2128 1255 2180 Η.

316 2230 343 2263 ι
364 2217 418 2273 4.
452 2210 641 2262 Alieni.
684 2210 891 2280 Nempe
918 2228 947 2261 e
976 2226 1167 2279 genere
1188 2208 1275 2259 ni-

224 2308 457 2362 grarum
481 2288 780 2343 edet-arum.
808 2286 994 2341 Ham).

320 2388 347 2423 1
365 2370 419 2423 5.
490 2368 763 2422 Crocatum.
812 2368 1016 2423 Croceo
1070 2366 1276 2432 colore,

226 2447 545 2505 Dioscorid.
574 2449 667 2502 lib.
696 2450 753 2502 11
774 2488 790 2513 ,
812 2465 933 2521 pag.
967 2466 1075 2501 2ιυ
1106 2464 1120 2499 ε
1151 2439 1195 2501 ὁ
1217 2442 1275 2500 δὲ

226 2532 395 2601 μέλας
415 2568 431 2595 ,
460 2530 651 2599 μέλανα
682 2520 907 2598 (καρπὸν
942 2517 1073 2596 ἴχιι)
1100 2527 1130 2584 ἢ
1165 2546 1276 2599 κρο-

224 2612 467 2671 κίζοντα.
500 2608 571 2661 Η.
593 2640 672 2651 —-
692 2610 773 2661 De
796 2608 885 2660 illa
914 2606 1088 2660 ederae
1108 2606 1277 2660 varie·

228 2702 377 2754 tate,
416 2704 583 2741 nureo
610 2689 817 2745 fructu,
849 2688 893 2739 le
924 2688 1064 2739 liet-re
1094 2688 1126 2738 ὰ
1139 2686 1278 2751 fruit

226 2772 375 2833 dot-d,
395 2766 520 2820 vide
538 2768 1029 2832 CLTounnnronr,
1052 2767 1273 2840 Voyage,

226 2864 372 2905 tom.
396 2848 484 2912 11,
509 2866 626 2920 pag.
658 2851 787 2911 246.
820 2848 989 2901 Bao-r.

1361 2062 1415 2104 et
1456 2050 1536 2103 sic
1581 2050 1836 2121 appellari
1879 2051 1982 2113 ait,
2033 2052 2180 2125 quod
2228 2072 2390 2125 grana

1360 2130 1508 2182 aurei
1539 2129 1734 2183 coloris
1769 2131 1922 2183 ferat.
1965 2130 2116 2185 Idem
2145 2133 2306 2187 habet
2337 2146 2392 2187 et

1361 2210 1639 2262 Plin.Val.
1663 2210 1779 2275 111,
1816 2228 1882 2264 12
1901 2250 1916 2274 ,
1945 2208 2014 2263 de
2043 2214 2120 2265 ne
2147 2212 2289 2267 med.
2318 2213 2386 2267 Η.

1448 2308 1517 2342 2ο
1535 2288 1752 2341 Maxime
1766 2290 1931 2343 distat.
1957 2284 2164 2365 Nempe
2185 2293 2252 2345 ab
2275 2292 2389 2345 aliis

1360 2369 1674 2439 generibus,
1707 2370 1868 2432 alba,
1895 2372 2169 2445 nigraeque
2195 2371 2384 2427 ederae.

1359 2450 1638 2519 Theophr.
1663 2448 2008 2503 Hist.lih.111
2025 2491 2040 2515 ,
2063 2472 2180 2525 cap.
2203 2472 2226 2506 ι
2241 2456 2294 2507 8.
2315 2452 2383 2507 Η.

1447 2550 1473 2581 2
1490 2549 1537 2583 1.
1583 2528 1747 2581 Parva
1799 2544 1927 2583 sunt.
1983 2532 2110 2587 Haec
2164 2533 2385 2585 totidem

1359 2608 1536 2661 verbis
1565 2608 1842 2680 Theophr.
1871 2611 1907 2664 l.
1937 2630 1986 2664 c.
2015 2608 2196 2667 Han.

1446 2708 1473 2741 2
1487 2709 1536 2741 2.
1555 2688 1986 2763 Concinm'oraque..
2003 2681 2390 2765 Ἑυθημονεςέρα,

1360 2767 1631 2837 Leopard.
1655 2769 1754 2822 lib.
1783 2770 1836 2821 V
1856 2809 1872 2833 ,
1900 2790 2014 2841 cap.
2039 2792 2087 2825 2.
2109 2774 2248 2827 Du..

1441 2846 1536 2901 23.
1567 2848 1742 2902 Distat
1771 2861 1820 2901 ee
1849 2850 2166 2921 longitudine.
2211 2853 2392 2906 Theo·

326 2932 426 2983 16.
466 2926 651 2980 Poetoe.
679 2928 875 2998 virgil.
905 2927 1020 2980 Ecl.
1048 2926 1188 2989 VII,
1216 2944 1269 2978 v,

230 3008 309 3064 25
355 3027 371 3065 ;
419 3032 445 3055 ιι
481 3007 721 3061 Pastor-es
770 3006 930 3061 edera
970 3019 1272 3059 nascentem

228 3102 437 3143 ornate
466 3101 696 3159 poetam.
730 3113 753 3134 ι
788 3084 975 3138 Hanc.

325 3184 423 3237 17.
470 3168 693 3240 Asrst'am.
742 3165 829 3219 Sic
873 3166 1027 3219 MSS.
1069 3182 1271 3219 omnen.

228 3250 456 3319 Nempe
479 3266 512 3300 a
538 3248 681 3319 Nysa
714 3246 907 3297 Bacchi
941 3246 1150 3299 nutrice
1166 3284 1181 3310 ,
1204 3242 1273 3297 de

230 3346 349 3401 qua
378 3328 474 3380 lib.
518 3327 606 3391 V,
651 3342 769 3396 cap.
805 3329 870 3377 16
890 3364 907 3391 ‚
933 3326 1015 3377 vel
1049 3326 1114 3379 ab
1140 3325 1273 3377 urbe

228 3410 386 3481 Nysa
404 3448 421 3472 ,
454 3406 511 3459 in
538 3424 642 3479 qua
672 3408 787 3476 ipse
812 3406 1041 3459 nutritus
1062 3418 1137 3458 est
1158 3442 1174 3471 ‚
1204 3402 1274 3456 de

230 3506 347 3561 qua
379 3486 477 3539 lib.
500 3486 617 3548 vl,
660 3504 779 3557 cap.
821 3486 914 3539 23.
962 3485 1275 3557 Dionysiam

230 3570 307 3621 ab
344 3568 462 3639 ipso
504 3567 715 3619 Baccho
746 3577 901 3619 vemt
946 3566 1125 3619 Diosc.
1158 3565 1195 3617 l.
1224 3580 1273 3617 c.

232 3644 387 3701 Vide
412 3643 579 3699 ovid.
608 3646 745 3699 Fast.
782 3646 893 3709 111,
920 3664 971 3697 v.
1005 3648 1138 3717 769.
1164 3642 1233 3698 H.

328 3728 419 3781 18.
452 3726 801 3799 Egrehranum.
828 3726 875 3779 A
904 3726 1071 3778 rubro
1095 3726 1276 3779 acino-

232 3826 363 3860 rum
389 3807 606 3871 colore,
635 3806 730 3878 qui
756 3804 955 3861 Graecis
976 3806 1179 3879 ἐρυθρςίς.
1203 3804 1274 3859 Η.

330 3904 427 3956 19.
498 3886 898 3959 Chtysocarpum.
965 3886 1147 3939 Diosc.
1219 3884 1276 3937 in

235 3966 415 4019 Noth.
443 3964 513 4018 ad
534 3984 649 4037 cap.
679 3964 747 4019 de
771 3966 925 4019 edera
943 4004 957 4031 ,
1001 3966 1042 4019 οἱ
1072 3961 1133 4018 δὲ
1160 3984 1274 4035 χρυ-

238 4048 514 4117 σόκαρπος.
534 4047 790 4117 Apuleius
804 4064 919 4117 cap.
953 4064 973 4099 ι
994 4064 1013 4098 1
1029 4066 1085 4115 9,
1108 4044 1273 4117 Clu-y-

236 4127 507 4179 socanehon
520 4169 536 4193 ,
572 4146 670 4199 pro
699 4128 1049 4197 chrysocarpon
1076 4138 1232 4179 vocat
1263 4141 1276 4176 :

1354 2928 1477 2999 phr.
1509 2928 1546 2983 l.
1578 2948 1626 2983 c.
1661 2933 1883 3003 Διαφέρει
1907 2932 1992 2985 καὶ
2015 2940 2088 3004 τῷ
2113 2933 2258 3005 μήκει
2291 2942 2387 2987 τῶν

1354 3010 1622 3077 κλημάτων
1636 3049 1652 3075 ,
1675 3012 1760 3065 καὶ
1780 3012 1853 3063 ἔτι
1871 3018 1943 3084 τῷ
1968 3012 2188 3083 ἄκαρπος
2209 3008 2346 3067 εἶναι.

1442 3093 1535 3151 24.
1571 3090 1812 3157 Quoniam
1832 3092 2050 3157 fructum
2085 3112 2182 3145 nou
2208 3098 2387 3163 gignit.

1356 3166 1546 3221 Edera‘.
1593 3169 1780 3221 folium
1829 3188 2030 3225 novum
2075 3174 2388 3243 angulosm‘n

1356 3260 1464 3313 est,
1505 3259 1770 3301 vetustum
1810 3251 2129 3315 rotundius,
2175 3266 2392 3307 auctore

1356 3324 1715 3396 Theophrast.
1739 3328 2116 3391 maenuba,
2143 3348 2261 3403 cap.
2297 3337 2386 3386 16.

1356 3408 1428 3461 At
1448 3406 1632 3459 helicis
1648 3406 1837 3461 folium
1858 3449 1872 3473 ,
1897 3408 2006 3461 sive
2020 3428 2222 3463 novum
2239 3452 2255 3477 ,
2276 3411 2388 3465 sive

1353 3488 1465 3559 jam
1492 3498 1760 3540 vetustum
1776 3525 1794 3551 ‚
1834 3508 2045 3563 semper
2071 3490 2386 3561 angulosum

1361 3578 1438 3620 est
1467 3585 1480 3617 ε
1510 3582 1618 3637 qua
1642 3586 1700 3621 re
1725 3568 1790 3621 ab
1823 3568 1994 3623 ederoe
2023 3570 2164 3623 foliis
2189 3568 2388 3625 discre-

1358 3658 1470 3719 pat.
1535 3644 1702 3713 Quod
1766 3660 1940 3701 autem
2000 3652 2386 3705 ἀποκιττοῦσθαι

1359 3726 1765 3797 Theophrastus
1783 3728 1884 3791 ait,
1919 3740 1975 3782 et
2006 3730 2208 3783 Plinius
2233 3732 2390 3785 vertit

1359 3808 1548 3879 ederam
1569 3804 1712 3876 fieri,
1741 3808 1862 3869 alii.
1893 3823 1947 3861 et
1973 3811 2164 3863 rectius
2189 3811 2387 3864 intelli-

1361 3898 1526 3961 gunt,
1575 3914 1598 3935 ι
1628 3884 1798 3941 ederae
1837 3888 2002 3943 modo
2051 3890 2240 3944 folium
2271 3910 2390 3944 mu-

1362 3980 1491 4019 tare.
1527 3993 1547 4013 -
1585 3968 1722 4020 Du..

1450 4046 1543 4100 25.
1585 4048 1816 4117 Quidam.
1849 4050 1974 4103 Haec
2017 4068 2229 4104 rursum
2266 4050 2389 4105 toti-

1363 4122 1488 4180 dem
1533 4128 1708 4183 verbis
1731 4130 2085 4201 Theophrast.
2116 4133 2154 4185 l.
2183 4150 2230 4185 c.
2261 4132 2331 4185 H.

2082 4285 2214 4315 xt‘
