2984 5009
637 1481 658 1514 1

678 4123 872 4174 absone
897 4122 1240 4193 praecipiebat
1262 4139 1277 4173 ε

725 465 868 561 196

1259 466 1336 533 C.
1394 464 1739 535 PLINII
1784 462 1995 534 NAT.
2056 469 2316 538 HIST.

711 625 974 695 quoque
1015 597 1326 684 crudum,
1367 600 1893 695 decoctumque,
1936 623 2209 674 succum
2262 603 2557 673 tantum¹
2564 592 2813 676 ³devo·

711 692 1373 776 ranteS.Nascitu1-¹¹‘⁸

1419 722 1486 775 et
1533 710 1601 776 in
1647 709 1873 838 Syria,
1922 708 2099 777 circa
2132 731 2334 802 quem
2378 709 2685 782 odoratus
2724 713 2815 782 ille

709 813 1044 901 calamus,
1089 811 1328 882 lacum.
1384 813 1619 909 Neque
1656 799 1863 882 aliis¹⁵
1904 838 2061 884 usus
2096 829 2227 900 est,
2262 829 2463 910 quam
2508 818 2689 907 inde,
2720 819 2813 888 fu-

708 921 902 991 nibus
937 946 1054 990 rex
1090 921 1510 1015 Antigonus
1492 945 1559 988 m
1610 919 1957 991 navalibus
1998 921 2239 1006 rebuS‚
2274 923 2573 993 nondum
2616 940 2815 1021 sparto
2876 963 2882 971 ·

707 1028 1218 1098 communicatu.
1273 1028 1509 1122 Nuper
1554 1042 1622 1096 et
1660 1027 1731 1096 in
1766 1028 2113 1122 Euphrate
2154 1053 2433 1099 nascens
2482 1033 2655 1102 circa
2703 1035 2816 1101 Ba·

705 1131 1015 1230 bylonem
1047 1157 1372 1230 papyrum
1415 1132 1823 1203 intellectum
1877 1148 1979 1204 est
2019 1133 2327 1204 eumdem
2362 1161 2557 1206 usum
2598 1139 2815 1207 habere

705 1241 968 1314 chartae.
1009 1241 1098 1312 Et
1139 1255 1360 1310 tamen
1399 1241 1619 1312 adhuc
1656 1239 1914 1312 malunt
1942 1241 2171 1312 Parthi
2200 1241 2496 1316 vestibus
2510 1230 2561 1269 ¹⁶
2596 1243 2817 1316 litteras

703 1351 1016 1417 intexere.

805 1455 1568 1548 xxl11.P1-aeparantur
1595 1479 1677 1522 ex
1704 1453 1815 1523 eo¹
1858 1454 2142 1532 chartae,
2184 1454 2403 1524 diviso
2422 1479 2551 1526 acu
2586 1459 2650 1525 in
2676 1481 2817 1552 prae·

700 1575 976 1644 tenueS,
1009 1558 1125 1629 sed
1165 1584 1364 1654 quam
1403 1558 1792 1644 latissimas.‚
1825 1557 2182 1654 philuras'.
2212 1551 2365 1654 (111.
2373 1553 2402 1654 )
2430 1565 2815 1659 Principatus

697 1651 951 1735 medio³
955 1680 1202 1808 ,atque
1226 1666 1380 1735 inde
1403 1669 1701 1737 scissurae
1722 1667 1975 1736 ordine.
2020 1667 2359 1736 Hieratica
2388 1669 2818 1764 appellabatur

696 1759 1093 1888 antiquitus⁴
1097 1823 1116 1856 ‚
1189 1772 1509 1868 religiosis
1566 1787 1828 1842 tantum
1887 1771 2336 1843 voluminibus
2390 1775 2640 1863 dicata,
2695 1799 2818 1872 quae

693 1967 959 2038 AEgyptiis
986 1963 1380 2020 usitatissimum
1401 1977 1453 2017 et
1476 1965 1725 2038 frequen·

692 2047 951 2098 tissimum
984 2065 1105 2101 eum
1135 2045 1316 2099 cibum
1343 2043 1504 2097 fuisse
1527 2063 1590 2098 ex
1610 2043 1723 2096 Oro

693 2125 1076 2198 cognoscimus.
1139 2123 1336 2177 Scribit
1381 2124 1523 2178 enim
1566 2127 1727 2194 AEgy-

692 2206 834 2278 ptios
863 2207 1282 2278 antiquissimam
1301 2243 1319 2270 ,
1360 2217 1413 2257 et
1438 2206 1589 2257 omni
1612 2223 1725 2257 me·

694 2287 864 2340 moria
907 2285 1141 2356 priorem
1179 2283 1442 2356 originem
1482 2303 1630 2336 suam
1660 2282 1729 2336 si-

695 2362 1242 2439 gnificantes‚papyri
1269 2363 1578 2416 fasciculum
1607 2364 1724 2434 pin·

693 2443 848 2511 iisse,
875 2445 1000 2518 quia
1023 2464 1088 2498 eo
1105 2445 1338 2518 primum
1362 2456 1722 2498 vescerentur.

691 2527 892 2580 Dante.
1347 2518 1378 2604 ι’

777 2605 872 2659 13.
911 2601 1113 2656 Succum
1166 2615 1366 2660 tantum.
1415 2601 1482 2655 Id
1529 2601 1724 2656 deinde

691 2683 840 2756 quod
860 2680 1242 2736 manducatum
1269 2695 1378 2746 est,
1397 2694 1461 2736 ut
1485 2682 1543 2734 in
1572 2683 1724 2738 malis

690 2765 903 2817 Punicis
916 2759 1192 2834 (gr-enudas)
1207 2761 1451 2828 facimus,
1460 2781 1723 2834 exspuen-

691 2857 784 2898 tes.
803 2843 1077 2914 Theophr.
1103 2842 1140 2896 l.
1162 2861 1212 2896 c.
1237 2841 1417 2918 Ham).

779 2943 800 2978 1
817 2930 869 2987 4.
887 2922 1133 2976 Nascitur.
1149 2919 1399 2976 Totidem
1417 2921 1594 2975 verbis
1607 2921 1723 2980 haec

691 3003 968 3074 Theophr.
995 3003 1033 3055 l.
1063 3021 1109 3055 c.
1134 3003 1214 3054 De
1250 3003 1453 3054 calamo
1484 3001 1721 3056 diximus

690 3083 785 3136 lib.
817 3102 939 3154 sup.
962 3100 1078 3154 cap.
1111 3084 1202 3146 48.
1227 3081 1413 3135 ΗΑιιι).

778 3182 802 3216 1
817 3164 868 3217 5.
903 3163 1072 3234 Neque
1097 3163 1225 3214 aliis.
1260 3161 1610 3232 Theophrast.
1638 3163 1719 3215 De

692 3255 870 3314 sparto
898 3242 1140 3296 dicemus
1163 3241 1255 3294 lib.
1280 3241 1439 3306 XIX,
1473 3261 1524 3294 c.
1558 3261 1609 3312 7.
1646 3241 1717 3298 H.

780 3326 868 3376 16.
899 3321 1119 3376 Vestibus
1152 3321 1354 3373 linem.
1395 3321 1482 3374 Sic
1516 3322 1721 3375 Petras·-

691 3403 788 3458 cha
799 3440 816 3469 ,
840 3415 969 3457 teste
980 3402 1308 3455 Thomasino
1322 3439 1338 3460 ,
1361 3400 1422 3454 in
1435 3399 1719 3456 Petrarcha

690 3481 962 3552 redivivo,
996 3502 1116 3554 cap.
1147 3483 1246 3547 23,
1271 3498 1437 3553 quum
1460 3479 1718 3535 deambu-

689 3563 821 3617 laret
847 3565 1020 3629 soluS,
1060 3580 1128 3615 ne
1164 3579 1282 3634 quae
1318 3559 1492 3613 subito
1524 3579 1718 3634 erupe-

687 3656 810 3696 rant
831 3643 1182 3716 cogitationes
1197 3655 1585 3708 evanescerent,
1608 3641 1719 3712 pel-

687 3722 780 3774 lita
801 3723 1030 3794 quadam
1048 3721 1106 3775 in
1127 3734 1267 3775 veste
1294 3739 1400 3792 qua
1431 3734 1542 3773 erat
1565 3720 1721 3776 indu·

688 3814 804 3865 tus,
845 3802 1142 3873 scriptitare
1167 3801 1368 3854 solebat
1385 3801 1565 3854 subi-to
1596 3821 1713 3874 quae

684 3893 946 3935 venerant
982 3883 1040 3934 in
1071 3895 1327 3936 mentem.
1373 3879 1462 3934 Sic
1498 3881 1714 3936 Cosmes

1814 1962 1960 2016 neris
1978 1961 2183 2036 aliquid
2213 1980 2278 2015 ex
2310 1967 2584 2038 opusculis
2614 1965 2819 2022 S-Atha·

1814 2043 1947 2096 nasii
1964 2082 1979 2110 ,
2006 2063 2103 2098 nec
2130 2043 2383 2096 habueris
2407 2046 2617 2102 chartas
2635 2045 2701 2100 ad
2715 2045 2819 2100 scri-

1812 2122 2078 2190 bendum,
2107 2125 2163 2178 in
2189 2123 2523 2181 vestimentis
2550 2129 2651 2181 tuis
2674 2125 2817 2180 scribe

1812 2201 1964 2255 illud.
1990 2228 2012 2249 ·
2042 2201 2185 2256 Vide
2213 2219 2332 2273 quae
2357 2202 2425 2259 de
2447 2209 2681 2262 vestibus
2705 2205 2817 2260 olim

1812 2281 2020 2353 scriptis
2043 2281 2255 2356 collegit
2277 2283 2416 2340 Phil.
2439 2287 2653 2342 Ruben.
2673 2287 2815 2340 Elect-

1812 2360 1908 2415 lib.
1930 2363 2018 2427 11,
2049 2381 2167 2436 cap.
2206 2387 2255 2421 1.
2284 2361 2469 2414 Hann.

1890 2443 2098 2496 XXIII.
2130 2463 2179 2498 r.
2214 2448 2303 2500 Es.-
2337 2464 2412 2496 eo.
2454 2445 2539 2517 .E¹
2564 2445 2721 2499 caule.
2744 2442 2815 2499 Sic

1811 2537 1909 2589 acu
1954 2523 2184 2578 solemus
2230 2543 2488 2598 ceparum
2531 2527 2728 2580 tunicas
2762 2523 2816 2578 ab

1806 2600 1925 2656 aliis
1951 2603 2076 2656 alias
2099 2603 2370 2661 divellere.
2400 2605 2588 2662 Hann.

1894 2701 1921 2734 a
1934 2722 1947 2734 .
1962 2681 2207 2739 Philum.
2235 2685 2323 2740 Sic
2344 2697 2533 2739 tenues
2554 2703 2629 2738 eo
2649 2679 2817 2760 papyri

1808 2762 2005 2816 tunicae
2020 2802 2036 2828 ,
2060 2783 2124 2816 ex
2149 2767 2347 2838 quibus
2365 2765 2547 2819 charta
2562 2765 2643 2831 fit,
2663 2763 2818 2838 appel·

1807 2839 2006 2895 lantur.
2023 2841 2223 2901 Graecis
2242 2847 2412 2916 φίλυρσι
2428 2845 2545 2900 tilia
2564 2860 2668 2911 est,
2688 2845 2817 2914 cujus

1807 2939 1839 2973 e
1872 2921 2012 2974 libro
2050 2919 2305 2980 interiore
2336 2924 2466 2980 olim
2504 2925 2701 2980 chartae
2740 2940 2818 2996 pa-

1804 3001 2079 3070 rabantur.
2094 3005 2277 3060 Hum.

1890 3081 1945 3134 3.
1973 3083 2284 3154 Principum-5
2306 3085 2477 3136 medio.
2504 3082 2719 3138 Scilicet
2734 3099 2817 3153 pa·

1804 3179 1974 3234 pyro,
2012 3163 2313 3237 tunicisque
2338 3183 2429 3218 seu
2459 3163 2689 3242 philuris
2709 3157 2817 3214 inde

1806 3240 2030 3294 avulsis:
2072 3243 2155 3296 lue
2190 3245 2327 3300 inter
2357 3257 2574 3297 caeteras
2608 3235 2818 3296 habuere

1804 3320 2194 3404 principatum,
2236 3326 2309 3378 ob
2335 3323 2675 3379 tenuitatem.
2711 3321 2817 3386 Quo

1804 3401 2087 3472 propiores
2114 3403 2331 3470 cortici,
2356 3423 2422 3458 eo
2443 3403 2680 3456 viliores.
2702 3401 2767 3453 H.

1888 3485 1941 3544 4.
1972 3481 2225 3536 Hier-alica
2251 3481 2592 3555 appellabatur
2622 3479 2815 3552 antiqui-

1804 3573 1899 3612 tus.
1925 3560 2301 3616 Guillandinus
2322 3582 2505 3635 aspere
2517 3561 2815 3616 Turnebum

1780 3642 2163 3712 reprehendit,
2190 3662 2253 3696 ex
2278 3643 2383 3714 hoc
2410 3643 2534 3696 loco
2558 3655 2666 3697 tres
2690 3639 2823 3693 char-

1804 3732 1870 3773 tae
1890 3721 2088 3792 species
2108 3707 2466 3788 invehentem,
2484 3720 2818 3782 Hieraticam,

1801 3802 2127 3870 Augustam,
2171 3803 2409 3868 Liviam,
2459 3799 2691 3856 Advers.
2730 3797 2814 3852 lib·

1801 3879 1938 3944 v11,
1970 3899 2086 3953 cap.
2114 3901 2175 3935 a·
2161 3923 2177 3950 ‚
2206 3902 2373 3953 quum
2395 3900 2501 3936 una
2536 3879 2817 3950 eademque

682 3961 973 4016 Eunuchus
1018 3961 1197 4014 Abbas
1246 3959 1388 4032 apud
1442 3960 1710 4032 Sophron.
1798 3959 1885 4019 sit,
1924 3961 2187 4034 AEgyptiis
2208 3961 2350 4017 dicta
2376 3963 2674 4026 Hieratica‚
2702 3973 2817 4030 quo-

681 4043 764 4100 vel
791 4041 916 4094 Joh.
949 4041 1231 4096 Moschum
1250 4080 1267 4107 ,
1296 4058 1412 4111 cap.
1447 4047 1547 4105 4ο,
1595 4060 1704 4094 uon
1796 4039 1939 4093 niam
1965 4041 2248 4112 religiosis,
2268 4053 2323 4098 et
2351 4040 2514 4096 sacris
2546 4034 2817 4095 volumini-

1306 4121 1527 4184 ·Quum
1558 4119 1703 4174 inve-
1790 4121 1891 4173 bus
1916 4133 2121 4175 tantum
2164 4121 2336 4178 dicata
2372 4132 2539 4187 esset,
2578 4115 2816 4174 Romanis
