2984 5009
1008 436 1570 508 Excunsus
1629 438 1683 503 1.
2275 434 2422 529 659

272 580 445 650 lapillo
469 589 561 630 aut
604 574 787 629 Helice
810 572 1031 625 samma
1075 568 1299 623 elicitur.
1335 565 1692 639 Consentiunt
1732 577 1909 619 tamen
1955 566 2202 637 plerique
2246 579 2300 619 et
2327 586 2422 619 an·

272 658 558 732 tiquissimi
579 656 921 725 interpretes,
960 666 1185 705 coccum
1216 648 1394 719 potius
1420 664 1552 700 voce
1571 633 1778 741 55⁸¹„
1825 644 2056 699 indicari
2072 686 2090 710 ,
2137 647 2424 699 vetustissi-

267 788 465 843 maque
517 768 831 821 Gracomm
870 771 1217 816 monumenta
1266 754 1490 810 tradunt
1512 792 1527 815 ,
1569 754 1779 809 Theseo
1824 753 1894 807 ad
1932 755 2300 809 Minotaurum
2342 758 2420 810 in-

270 846 644 906 terficiendum
668 846 885 899 abituro
913 844 1137 913 AEgeum
1162 838 1275 893 duo
1297 837 1413 891 vela
1434 835 1684 906 largitum
1713 836 1900 893 fuisse.
1932 853 2170 906 quorum
2196 837 2419 893 alterum

272 936 507 1003 φοινικοῦν
538 930 669 1000 ὑγρῷ
697 924 997 997 πιφυρμίνον
1020 920 1183 991 πρίνος
1217 914 1277 982 (Ι.
1312 912 1505 989 πρίνου)
1539 915 1670 969 ἄνθιι
1713 914 1953 987 ἐριθάλλου
2001 930 2115 970 erat
2135 954 2152 980 ,
2192 917 2420 969 alterum

272 1024 454 1066 autem
482 1022 661 1063 atrum
682 998 783 1074 (ι).

354 1088 520 1162 Apud
568 1084 1005 1157 Theophrastum
1039 1075 1201 1133 semel
1257 1088 1465 1131 tantum
1521 1074 1757 1129 occurrit
1794 1076 1825 1131 ἦ
1873 1079 2040 1147 πρῖνος
2053 1114 2068 1141 ,
2118 1080 2199 1129 τὸν
2245 1076 2420 1128 2522„

274 1176 486 1243 φέρουσα.
521 1172 755 1239 φοινικοῦν
792 1154 899 1233 (a).
952 1161 1157 1214 Plinius
1202 1176 1333 1211 vero
1352 1196 1368 1221 ,
1408 1156 1694 1227 proconsul
1747 1155 2124 1224 Hispaniarum
2146 1193 2164 1220 ,
2206 1156 2423 1208 uberim

271 1252 419 1305 illam
464 1246 771 1318 descripsit,
811 1258 1079 1315 granaque
1104 1238 1228 1303 illa,
1264 1256 1381 1308 quae
1408 1255 1508 1290 ceu
1534 1234 1736 1292 scabies
1775 1234 1832 1286 in
1865 1235 2058 1289 frutice
2102 1246 2420 1306 erumpant,

273 1331 525 1385 Cusculia
553 1324 810 1399 appellari
848 1322 1064 1385 docuit,
1095 1334 1215 1391 qun
1242 1316 1463 1389 quidem
1495 1335 1598 1369 vox
1629 1314 1872 1368 Graecam
1903 1315 2124 1368 omnino
2155 1315 2420 1385 originem

270 1410 458 1483 prodit
481 1429 494 1462 ε
518 1408 585 1462 τὰ
610 1405 951 1476 κοσκυλμοὶτια.
971 1399 1115 1454 enim
1142 1398 1439 1468 Hesychius
1462 1388 1546 1462 (3)
1568 1405 1620 1449 et
1637 1394 2006 1465 Aristophanis
2022 1394 2324 1449 scholiastes
2336 1386 2421 1463 (4)

271 1501 550 1563 exponunt
574 1488 643 1541 τὰ.
684 1492 783 1538 τῶν
826 1486 1015 1555 βυρσῶν
1049 1484 1435 1549 πιριιιομμοίτια.
1484 1477 1549 1528 In
1598 1473 1806 1527 Galatia
1843 1486 1896 1527 et
1942 1474 2083 1528 circa
2123 1474 2420 1528 Emeritam

270 1571 557 1625 Lusitania
588 1563 885 1631 (Meridam
917 1550 1117 1626 hodie)
1161 1558 1339 1629 gigni,
1382 1568 1436 1610 et
1480 1554 1794 1626 pensionem
1828 1553 2044 1606 alteram
2085 1554 2274 1607 tributi
2323 1552 2419 1607 ffl-

270 1652 473 1723 spanioe
509 1645 837 1721 pauperibus
868 1641 1069 1695 donare
1096 1637 1238 1692 idem
1276 1636 1482 1689 Plinius
1510 1646 1729 1688 testatur
1745 1626 1849 1699 (5).
1881 1632 1967 1686 Ad
1998 1633 2340 1705 Ambryssam
2361 1636 2419 1687 in

272 1728 509 1784 Phocide
554 1725 837 1801 provenire
884 1721 1045 1775 docet
1082 1716 1389 1781 Pausanias,
1430 1714 1686 1787 appellari
1729 1714 1978 1767 fruticem
2026 1732 2055 1766 a
2097 1714 2300 1768 Galatis
2323 1708 2379 1767 ὗν
2401 1754 2417 1779 ,

270 1830 396 1864 eum
428 1828 541 1863 esse
582 1808 894 1880 spinosum,
938 1799 1079 1854 foliis
1112 1796 1438 1852 obscurioris
1468 1793 1662 1867 coloris
1713 1810 1872 1863 quam
1917 1796 2106 1861 σχοῖνον
2135 1784 2269 1864 (pro
2307 1812 2417 1865 quo

270 1891 363 1943 alii
398 1892 561 1959 σχῖνος
615 1886 872 1946 lentiscus,
914 1900 1012 1951 ego
1059 1891 1236 1932 autem
1282 1892 1406 1929 cum
1438 1872 1705 1928 Palmerio
1739 1876 1908 1943 πρῖνος
1947 1870 2142 1943 lego);
2188 1892 2415 1944 granum
2455 1906 2466 1913 ·

268 1972 446 2043 ipsum
488 1988 618 2022 vero
644 1960 1013 2037 magnitudine
1044 1959 1275 2011 orobum
1308 1974 1518 2027 equare
1537 1946 1640 2020 (6).
1689 1952 1829 2005 Cum
1873 1952 2108 2007 lentibus
2145 1966 2421 2024 comparat

269 2068 433 2123 grana
464 2051 639 2102 haecce
683 2038 1052 2101 Dioscorides,
1091 2036 1196 2107 legi
1241 2054 1301 2089 ea
1342 2054 1374 2089 a
1408 2029 1723 2088 mulieribus
1758 2039 1832 2102 τῷ
1861 2032 2094 2103 στόματι
2120 2071 2135 2100 ,
2178 2051 2280 2103 pro
2306 2053 2416 2105 quo

271 2131 362 2186 alii
390 2138 468 2203 τῷ
511 2130 830 2199 στρέμματι,
871 2121 961 2174 alii
994 2126 1069 2190 τῷ
1114 2117 1413 2188 στομῶματι
1462 2114 1665 2167 habent
1686 2150 1703 2176 ,
1737 2112 2072 2182 Tychsenius
2105 2131 2236 2165 vero
2273 2132 2423 2185 egre-

268 2212 357 2284 gie
400 2218 472 2282 τῷ
505 2210 703 2275 στόνυχι
737 2199 983 2260 emendat
998 2187 1104 2268 (7).
1150 2197 1387 2267 Optima!
1425 2194 1558 2247 huic
1595 2189 1956 2245 emendationi
1999 2190 2249 2263 equidem
2299 2212 2418 2246 om-

267 2293 399 2345 nino
442 2288 742 2350 adsentior,
780 2299 948 2356 quum
985 2276 1284 2349 Hesychius
1310 2292 1441 2328 eam·
1468 2290 1656 2328 vocem
1693 2272 1868 2335 στόνυξ
1897 2272 1954 2323 τὸ
1997 2272 2141 2342 ἄκρον
2164 2279 2263 2324 τῶν
2315 2274 2420 2326 ὀνύ-

266 2393 369 2440 χων
409 2379 642 2443 exponat
678 2354 786 2433 (8).
826 2359 1050 2415 Eximio
1084 2356 1282 2409 indolis
1329 2354 1532 2407 Coccos
1565 2350 1902 2405 Dioscorides
1947 2350 2108 2404 habet
2123 2390 2140 2416 ,
2185 2370 2308 2423 qua
2351 2371 2416 2406 ex

270 2450 481 2506 Galatia
510 2461 670 2518 atque
710 2442 956 2497 Armenia
990 2436 1349 2499 advehantnr,
1382 2446 1714 2505 postremum
1740 2450 1869 2483 vero
1916 2431 2098 2483 locum
2125 2430 2371 2486 obtinere
2397 2474 2412 2496 ,

268 2532 363 2604 qui
390 2532 447 2583 in
472 2525 739 2597 Hispaniis
758 2519 1074 2595 proveniant
1096 2508 1200 2584 (9).
1607 2568 1624 2581 ι

350 2611 537 2676 Quum
576 2601 741 2658 medii
778 2600 875 2655 aevi
917 2595 1189 2653 barbaries
1225 2594 1498 2665 ingrueret
1515 2630 1531 2655 ,
1571 2590 1732 2661 hujus
1757 2589 2176 2661 prestantissimi
2221 2591 2419 2645 colori,

270 2691 390 2745 loco
438 2689 603 2743 alium
646 2683 967 2737 substituere
1007 2686 1289 2746 coeperunt
1329 2670 1578 2725 homines
1615 2687 1910 2741 purpuram
1943 2667 2306 2736 adfectantes;
2356 2690 2421 2724 ex

274 2768 497 2823 bullulis
527 2767 681 2820 illum
726 2768 1071 2832 sumpserunt
1089 2794 1104 2819 ‚
1140 2772 1271 2827 quas
1305 2752 1407 2806 sibi
1446 2750 1708 2821 chrysalis
1741 2749 1892 2803 Cocci
1913 2749 1987 2803 sic
2030 2747 2166 2801 dicti
2204 2751 2420 2820 polonici

272 2848 341 2903 ad
376 2846 581 2901 radices
612 2839 909 2899 Scleranthi
949 2840 1101 2889 annm·
1117 2874 1133 2902 ,
1168 2848 1287 2887 tum
1327 2833 1385 2885 in
1418 2830 1642 2884 Polonia
1660 2869 1676 2895 ,
1707 2842 1824 2883 tum
1871 2830 1927 2881 in
1975 2828 2288 2882 Pomerania
2316 2832 2421 2885 for·

272 2942 399 2982 mat.
454 2927 595 2980 Hinc
646 2938 864 2995 quoque
914 2916 1081 2989 gleba
1142 2912 1428 2984 adscriptis
1468 2909 1708 2983 episcopi
1751 2921 1804 2962 et
1841 2906 2079 2980 dynasta
2123 2909 2423 2965 Germania

266 3007 579 3080 pensionem
602 3004 749 3057 illam
776 3002 1146 3070 imposuerunt
1161 3006 1255 3073 ,ut
1278 3010 1500 3047 coccum
1522 2992 1669 3045 hu'nc
1694 2988 1936 3061 spurium
1955 2988 2418 3061 colligerent(10).

266 3086 541 3151 Tandem,
572 3094 695 3156 post
719 3081 907 3134 orbem
938 3093 1139 3129 novum
1176 3074 1455 3125 inventum
1471 3110 1487 3137 ,
1527 3086 1584 3126 et
1625 3071 1831 3125 coccus
1861 3070 1985 3122 ilicis
2013 3084 2067 3123 et
2112 3069 2317 3124 Coccus
2335 3082 2425 3142 1³⁰²

332 3414 405 3478 (ι)
434 3408 698 3459 Simonides
716 3404 845 3468 apud
874 3400 1109 3448 Plutarch.
1128 3398 1265 3445 Thes.
1284 3412 1332 3457 p.
1354 3410 1395 3453 7.

332 3489 406 3552 (α)
432 3488 549 3533 Hist.
577 3484 725 3545 plant.
751 3480 837 3526 lib.
872 3478 971 3530 111,
996 3493 1037 3521 c..
1071 3475 1101 3521 8
1118 3509 1131 3528 ,
1152 3490 1201 3534 p.
1225 3478 1312 3535 493
1346 3486 1389 3516 c.
1418 3468 1500 3523 ιδ,
1523 3483 1573 3529 p.
1593 3468 1671 3522 64.

332 3565 406 3629 (3)
438 3565 491 3609 1..
524 3577 567 3607 c.
608 3559 703 3605 vol.
726 3558 798 3610 11,
820 3570 868 3617 p.
894 3554 1001 3615 ³²7-

331 3638 405 3701 (4)
430 3632 587 3697 nquit.
617 3631 682 3679 ad
711 3646 757 3676 v.
794 3636 873 3691 49.

332 3714 405 3777 (5)
436 3711 552 3759 Ptin.
578 3710 665 3756 lib.
696 3708 837 3757 XVI,
858 3718 901 3749 c.
929 3704 989 3757 83
1022 3700 1106 3745 lib.
1128 3698 1223 3749 IX,
1258 3710 1299 3741 c.
1321 3702 1397 3750 [μ.

334 3790 407 3851 (6)
439 3790 635 3832 Pausan.
657 3782 743 3831 lib.
760 3782 805 3826 X
820 3812 835 3832 ‚
867 3794 909 3823 c.
928 3774 1017 3828 36,
1039 3790 1087 3834 p.
1108 3772 1199 3817 283
1216 3804 1231 3825 ,
1256 3768 1333 3817 ed.
1358 3768 1465 3812 Fac.

332 3864 407 3929 (7)
440 3856 739 3908 Beckmann's
770 3856 927 3914 Beytr.
966 3864 1051 3895 zur
1082 3845 1249 3893 Gcsch.
1276 3844 1361 3889 der
1392 3838 1574 3887 Erflnd.
1593 3838 1682 3881 Th.
1705 3836 1772 3881 111
1797 3868 1810 3889 ,
1838 3836 1884 3882 S.
1920 3849 1997 3879 11.

332 3940 407 4002 (8)
440 3938 493 3983 L.
524 3950 569 3979 c.
598 3934 689 3979 vol.
712 3932 787 3981 11,
806 3944 845 3975 c.
882 3932 1011 3984 1²74·
1048 3922 1119 3968 Cf.
1139 3918 1292 3968 Schol.
1316 3917 1537 3980 Apollon-
1561 3911 1714 3961 Rhod.
1737 3912 1823 3957 1512.
1843 3912 1927 3964 lv,
1944 3925 1994 3957 v.
2015 3910 2146 3971 1679.

333 4014 405 4075 (9)
436 4012 539 4057 Lib.
559 4011 639 4061 lv,
672 4022 713 4051 c.
748 4006 836 4057 48,
856 4018 903 4063 p.
928 3998 1043 4051 260,
1063 3996 1170 4043 261.

326 4089 430 4151 (xo)
467 4086 762 4135 neeman,
794 4079 830 4125 1.
864 4094 907 4123 c.
952 4092 1000 4137 p.
1035 4073 1109 4119 23.
