2984 5009
662 456 755 527 88
1215 455 1688 527 c.PL1N11
1734 438 1950 525 NAT.
2005 454 2267 521 HlsT.

659 574 1056 660 buxosum³⁷
1099 603 1202 657 est
1236 590 1599 709 optimum,
1632 586 1813 683 quod
1856 600 1957 655 est
1996 585 2585 658 odoratissimum:
2625 610 2662 653 e
2695 610 2784 653 se·

661 699 842 765 mine
869 681 921 721 ³⁸
974 710 1194 765 autem
1248 696 1613 764 maximum
1670 708 1737 763 et
1777 693 2452 823 ponderosissimum,
2492 690 2787 760 mordens

662 818 899 899 gustu,
941 802 1385 897 fervensque
1367 828 1436 873 ln
1466 827 1603 872 ore.
1635 800 2067 870 Adulteratur
2098 802 2354 869 Petraeo
2372 785 2425 837 ³⁹
2450 798 2783 893 hypericot

660 910 838 1004 quod
902 912 1288 1004 coarguitur
1339 908 1843 1004 magnitudine,
1901 908 2268 992 inanitate,
2341 904 2795 1001 longitudine
2769 954 2787 989 ,

659 1016 885 1086 odoris
925 1018 1222 1111 ignavia,
1265 1041 1503 1111 sapore
1546 1017 1831 1111 piperis.·

590 1133 625 1182 6
768 1127 1114 1219 Lacrymae
1147 1123 1496 1218 probatio,
1539 1137 1615 1191 ut
1644 1123 1727 1191 sit
1752 1122 2018 1216 pinguis
2046 1174 2067 1207 ‚
2118 1120 2335 1189 tenuis
2360 1173 2379 1207 ,
2426 1144 2506 1189 ac
2546 1117 2790 1187 modice

659 1229 847 1318 rufa,
895 1244 963 1299 et
1011 1232 1079 1297 in
1129 1229 1430 1299 fricando
1483 1228 1781 1317 odorata.
1842 1226 2189 1297 Secundus
2246 1225 2530 1296 candido
2588 1220 2791 1307 colos,

657 1336 850 1431 pejor
865 1335 1093 1405 viridis
1121 1361 1545 1431 crassusque,
1574 1336 1899 1430 pessimus
1926 1336 2119 1429 niger
2148 1359 2163 1402 :
2205 1334 2453 1427 quippe
2482 1346 2558 1401 ut
2586 1331 2791 1401 oleum

659 1444 961 1513 senescit.
1009 1446 1111 1510 Ex
1157 1444 1343 1511 omni
1378 1444 1669 1513 incisura
1710 1442 1997 1510 maxime
2039 1440 2399 1535 probatur,
2440 1438 2621 1534 quod
2656 1451 2794 1505 ante

659 1574 885 1618 semen
930 1547 1137 1617 fluxit.
1185 1552 1273 1618 Et
1309 1548 1468 1619 alias
1508 1547 1922 1618 adulteratur
1968 1548 2235 1616 seminis
2277 1570 2522 1633 succo,
2568 1546 2795 1638 vixque

657 1654 1058 1725 maleficium
1080 1655 1605 1750 deprehenditur
1624 1669 1823 1750 gustu
1852 1656 2178 1723 amariore
2208 1680 2223 1722 :
2253 1678 2396 1723 esse
2418 1654 2598 1722 enim
2615 1650 2799 1720 debet

657 1760 862 1850 leniS‚
907 1787 1046 1830 ιιοιι
1081 1762 1472 1845 subacidus‚
1519 1762 1726 1832 odore
1767 1776 2029 1831 tantum
2066 1773 2389 1829 austeruS.
2414 1761 2705 1829 Vitiatur
2736 1767 2798 1824 et

657 1865 808 1937 oleo
853 1855 1087 1939 rosae⁴⁰
1104 1924 1124 1957 ,
1167 1870 1401 1965 cypri,
1455 1868 1749 1957 lentisci,
1809 1867 2077 1951 balani,
2124 1866 2487 1936 terebinthi
2513 1862 2799 2002 ,myrti3

657 1976 914 2063 resina,
951 1973 1280 2107 galbano,
1330 2000 1483 2045 cera
1524 1962 1815 2072 cypria⁴¹
1822 2028 1843 2061 ,
1880 1988 2086 2070 prout
2120 1997 2400 2068 quaeque
2442 1958 2602 2043 res⁴
2606 1970 2797 2039 'fuit-

589 2111 622 2164 7
660 2068 1141 2176 Nequissime⁴³
1160 2096 1384 2152 autem
1405 2084 1695 2177 gummi,
1720 2082 2039 2177 quoniam
2078 2081 2295 2175 ipsum
2322 2104 2593 2176 quoque
2614 2078 2801 2147 mhae·

657 2264 839 2318 locum
891 2282 1056 2334 poma
1117 2264 1390 2319 obtinent.
1429 2290 1452 2313 a·
1510 2264 1696 2320 Ηιιιι).
1786 2274 1925 2316 tunt.
1959 2262 2105 2317 Cave
2126 2280 2294 2335 porro
2318 2260 2507 2316 credas
2530 2280 2703 2315 ceram
2726 2278 2805 2332 cy·

747 2346 844 2413 37.
865 2344 1132 2397 Bia-osum.
1155 2345 1351 2398 Colore
1369 2345 1562 2398 buxeo·
1585 2344 1655 2397 H.
1785 2343 1990 2412 priam,
2008 2362 2169 2428 quam
2190 2342 2411 2413 κηρωτὴν
2428 2343 2661 2413 κυπρίνιιν
2674 2356 2805 2393 nuuc

748 2422 841 2477 38.
871 2425 924 2475 Ε
949 2428 1138 2476 semino.
1167 2424 1345 2476 Diosc.
1365 2422 1617 2475 similiter
1636 2424 1695 2485 1,
1787 2402 2157 2475 Dioscorides
2160 2434 2341 2485 vocat,
2364 2440 2397 2474 a
2433 2422 2622 2492 Cypro
2648 2419 2805 2473 insula

673 2504 762 2557 18.
786 2501 968 2557 ΗΑιιι).
1787 2502 2259 2571 cognominatam,
2289 2518 2411 2571 quae
2442 2520 2579 2554 cerae
2604 2497 2805 2553 laudem

748 2583 843 2651 39.
875 2583 1203 2635 Adulteratur
1232 2582 1426 2633 Petroeo
1453 2581 1695 2651 hyper-ico.

664 2662 983 2733 Asportatur
1019 2662 1087 2714 ab
1117 2658 1322 2733 oppido
1353 2660 1563 2713 Arabiae
1602 2658 1701 2712 Pe-

666 2753 747 2794 tra
774 2759 952 2793 semen
986 2741 1248 2812 hyperico
1280 2739 1484 2805 simile,
1521 2740 1698 2811 inquit

666 2820 847 2873 Diosc.
873 2840 984 2893 quo
1003 2820 1226 2873 balsami
1259 2819 1466 2873 fructus
1498 2818 1699 2871 adulte-

664 2912 815 2953 ratur
841 2918 854 2952 :
881 2894 976 2953 sed
1004 2918 1068 2953 ex
1089 2917 1155 2953 eo
1174 2900 1318 2953 fraus
1335 2897 1666 2971 dignoscitur
1681 2937 1698 2964 ‚

667 2978 814 3052 quod
837 2982 1008 3052 majus
1031 2979 1168 3032 illud
1200 2980 1297 3044 sit,
1327 2980 1515 3045 inane,
1550 2980 1699 3051 igna-

667 3078 825 3126 vum,
861 3078 1054 3131 sapore
1080 3060 1297 3132 piperis.
1329 3060 1410 3111 De
1434 3060 1698 3135 hyperico

667 3138 905 3192 dicemus
931 3140 1156 3202 XXVI,
1195 3139 1267 3201 53
1298 3152 1351 3192 et
1385 3138 1477 3203 54.
1511 3140 1698 3193 Ηιιιι).

751 3225 840 3283 4ο.
891 3220 1113 3272 Vitiatur
1146 3232 1198 3271 et
1235 3220 1341 3273 oleo
1365 3218 1523 3273 'rosea
1570 3218 1697 3273 Hac

666 3298 912 3353 similiter
939 3300 1116 3353 Diosc.
1139 3300 1260 3352 loco
1296 3299 1385 3352 cit.
1418 3298 1698 3353 Ham).—

672 3378 842 3451 Cypn'.
865 3380 929 3433 In
949 3380 1103 3433 libris
1129 3377 1300 3437 editis,
1331 3384 1513 3451 cyperi,
1538 3380 1693 3431 male.

666 3458 806 3513 Nam
833 3460 1009 3513 Diosc.
1037 3460 1131 3515 lib.
1157 3460 1186 3511 I
1203 3496 1220 3522 ‚
1245 3477 1362 3531 cap.
1391 3461 1459 3513 18
1485 3478 1503 3519 ε
1526 3464 1700 3512 Δολοῢ-

664 3558 751 3593 ται
777 3535 836 3594 &t
858 3541 1088 3613 πρικίλως
1103 3562 1116 3576 ·
1148 3542 1189 3593 οἶ
1215 3539 1298 3611 μὲν
1321 3537 1415 3609 γὰρ
1437 3540 1698 3611 χρὶᾳματα

665 3621 922 3691 μίσγουσιν
960 3622 1126 3697 αὐτῷ,
1157 3622 1221 3680 ὡς
1256 3622 1312 3673 τὸ
1343 3618 1661 3691 τιριὸίνθινον
1680 3659 1695 3684 ,

663 3699 916 3770 κύπρινον,
946 3700 1181 3769 σχῖνινον,
1209 3700 1454 3763 σούσινον,
1487 3700 1695 3766 βαλάνι-

662 3797 768 3843 mov,
796 3792 896 3832 etc.
925 3779 994 3833 Et
1021 3798 1151 3832 vero
1187 3778 1337 3832 MSS.
1367 3780 1499 3850 Reg.
1534 3779 1693 3833 Colb.

659 3856 827 3911 Paris.
857 3858 1042 3912 chiffl.
1078 3861 1218 3929 cypri
1250 3858 1468 3912 habent.
1506 3860 1692 3913 Ham.

745 3944 774 4000 4
790 3956 840 3990 ι.
887 3938 1014 3991 Cera
1044 3938 1248 4011 Cypria.
1278 3937 1442 4004 Quod
1469 3940 1695 4011 κηρωτὴν

660 4016 1002 4071 Dioscorides
1017 4056 1034 4083 ‚
1074 4018 1180 4071 hoc
1233 4018 1438 4073 Plinius
1488 4020 1693 4091 ubique

620 4130 624 4133 -
658 4108 836 4151 ceram
869 4098 1106 4173 appellnt
1141 4117 1155 4151 ε
1184 4098 1274 4153 alii
1305 4111 1547 4153 ceratum
1570 4116 1690 4154 ver-

1785 2582 1989 2634 nullam
2009 2581 2186 2633 habet.
2210 2581 2421 2633 Nomen
2444 2580 2589 2633 enim
2598 2579 2709 2632 ἀπὸ
2728 2581 2806 2630 τοῦ

1787 2663 2000 2733 κύπρου,
2028 2678 2135 2732 qua
2164 2658 2231 2711 de
2263 2660 2455 2712 arbore
2482 2660 2685 2713 dictum
2708 2670 2805 2723 est,

1786 2758 1903 2811 cap.
1932 2740 2026 2793 52.
2056 2740 2417 2810 ceratumque
2439 2740 2726 2811 cyprinum
2746 2755 2809 2790 ex

1786 2838 1906 2872 cera
1944 2820 2169 2889 oleoque
2210 2820 2440 2892 cyprino
2458 2858 2474 2884 ,
2510 2832 2652 2873 certa
2688 2836 2805 2889 por-

1784 2900 1930 2955 tione
1953 2912 2195 2975 paratur‚
2235 2911 2301 2951 ut
2332 2916 2397 2951 ex
2436 2916 2560 2951 cera
2592 2898 2807 2968 oleoque

1785 2998 2004 3033 rosaceo
2020 3016 2036 3043 ‚
2058 2996 2335 3031 rosaceum
2352 2990 2611 3031 ceratum.
2635 2978 2804 3030 Hun-

1872 3066 1961 3125 4²·
2021 3059 2118 3111 Res
2160 3058 2283 3125 suit.
2326 3058 2679 3129 subintellige
2696 3096 2711 3121 ‚
2752 3056 2805 3107 iu

1784 3151 2044 3210 promptu
2055 3179 2069 3203 ,
2086 3136 2156 3191 ad
2173 3156 2418 3203 manum,
2435 3138 2806 3191 obv-iaqumu.

1870 3220 1963 3282 43.
1983 3219 2302 3290 Nequi-ssime.
2321 3218 2657 3289 Nequissime
2670 3215 2807 3269 adul-

1786 3309 2017 3363 teratur,
2046 3298 2171 3370 quia
2197 3296 2521 3351 difficillime
2551 3298 2695 3351 fraus
2726 3294 2811 3348 de·

1784 3377 2161 3449 prehenditur.
2190 3378 2377 3432 ΗΑιιι).

1870 3458 1963 3521 44.
2007 3458 2305 3511 Inlioemscit.
2344 3458 2429 3511 Ita
2465 3470 2615 3511 recte
2646 3475 2660 3509 :
2706 3474 2808 3508 non

1785 3541 2010 3591 inarescit
2026 3576 2043 3601 ‚
2066 3551 2129 3591 ut
2146 3538 2401 3591 Salmasio
2418 3538 2630 3609 placet,
2654 3537 2809 3588 Exer-

1784 3619 1897 3672 citt.
1922 3619 1979 3671 in
2002 3618 2107 3672 Sol.
2133 3635 2251 3691 pag.
2282 3624 2417 3688 494.
2441 3615 2807 3670 ΗΑιιι).--Ῑκ·

1785 3699 2005 3750 harescit
2044 3718 2189 3751 marm
2232 3702 2434 3751 inversa.
2494 3697 2586 3750 Sic
2635 3697 2808 3749 Εἶπεν.

1784 3778 2026 3832 Gronov.
2050 3776 2217 3831 Hard.
2239 3790 2295 3831 et
2316 3778 2447 3832 libri
2473 3776 2671 3848 pleriq.
2694 3786 2810 3827 aute

1782 3858 2087 3911 Broterium
2106 3858 2254 3912 editi.
2278 3860 2383 3911 En.
2398 3889 2479 3900 —-
2494 3858 2563 3909 In
2580 3855 2811 3910 editione

1780 3938 2055 4010 principe,
2074 3943 2189 4011 quin
2205 3942 2395 3991 arescit.
2416 3938 2583 3991 Recte
2604 3932 2812 3990 monuit

1781 4016 2065 4072 Salmasius
2101 4017 2499 4072 emendandum
2515 4057 2533 4083 ,
2570 4016 2807 4069 inameit.

1784 4096 2052 4152 Audacter
2094 4097 2436 4153 emendatum
2482 4097 2541 4149 in
2587 4106 2807 4150 recentt.
