2984 5009
571 437 663 519 24

1113 434 1192 504 C.
1240 434 1584 507 PLINII
1631 436 1848 505 NAT.
1898 436 2160 505 HIST.

564 569 789 663 parvis
830 566 1210 660 densisque,
1272 570 1457 663 cypri
1486 552 1754 651 mod0³‚
1797 569 1996 636 ramis
2037 568 2240 635 trium
2283 561 2714 649 cubitorum3

567 677 817 743 cortice
841 670 1122 769 pallidO,
1152 674 1373 743 radice
1408 674 1538 744 lata
1575 674 1616 743 li

564 782 633 849 in
666 804 835 875 aqua
862 804 1017 847 cum
1044 780 1293 848 semine
1326 795 1603 877 excepta

1667 698 1959 768 nosaque
1978 726 1998 760 ,
2037 674 2236 742 buxei
2271 671 2530 741 coloris.
2562 674 2716 741 Hac

1665 783 1734 851 in
1759 805 1932 851 aereo
1965 804 2122 849 vase
2145 772 2711 848 medicamentum

572 887 682 974 fit,
738 886 915 981 quod
970 900 1251 955 vocatur
1290 889 1564 982 Lycion.
1621 890 1722 955 Ea
1774 890 1963 981 spina
2009 900 2080 955 et
2135 886 2204 953 in
2257 883 2439 954 Pelio
2481 898 2718 953 monte

564 996 859 1063 nascitur
878 976 924 1079 ⁵,
986 990 1444 1087 adulteratque
1492 994 2067 1063 medicamentum.
2135 994 2307 1061 Item
2365 988 2716 1084 asphodeli

564 1100 789 1188 radix,
828 1112 944 1170 aut
979 1097 1065 1167 fel
1102 1084 1491 1189 bubulum⁶‚
1533 1114 1649 1169 aut
1691 1099 2133 1183 absinthium,
2177 1096 2284 1167 vel
2323 1096 2550 1184 thuan,
2603 1095 2714 1165 vel

567 1273 659 1327 tim
686 1274 910 1329 concisis
926 1313 942 1339 ‚
966 1274 1117 1329 elixis
1136 1316 1152 1340 ,
1174 1275 1434 1341 contusis,
1469 1295 1596 1331 cum

565 1354 732 1407 farina
751 1392 767 1420 ,
799 1354 1036 1407 Nachani
1064 1375 1227 1408 succo
1255 1357 1442 1421 mixto,
1464 1369 1521 1409 et
1539 1357 1594 1408 in

565 1432 827 1506 pastillos,
847 1436 1129 1487 tabellasve
1157 1436 1402 1488 formato.
1424 1436 1596 1488 Arbo-

565 1530 679 1567 rem
707 1532 819 1566 esse
844 1513 1211 1583 magnitudine
1224 1514 1448 1579 fraxini,
1463 1515 1596 1569 folio

566 1594 799 1658 minuto,
830 1592 982 1645 ericae
998 1630 1015 1657 ,
1038 1594 1121 1645 vel
1145 1594 1407 1647 tamaricis
1422 1634 1437 1659 ‚
1456 1613 1596 1647 sem—

564 1692 663 1743 per
675 1670 823 1726 vireu
831 1684 902 1731 te.
918 1672 1100 1725 multis
1112 1672 1279 1743 spinis
1290 1672 1594 1725 horridam:

568 1752 785 1817 florere,
807 1750 898 1804 sed
921 1752 1161 1806 fructum
1180 1769 1293 1804 non
1317 1753 1459 1806 ferre
1483 1770 1498 1805 :
1531 1752 1598 1805 li·

567 1849 732 1901 gnum
762 1830 959 1883 durum
981 1843 1035 1883 et
1066 1831 1289 1884 densum
1318 1833 1493 1885 ubivis
1513 1833 1596 1885 in-

568 1922 888 1981 corruptum
908 1930 1139 1964 manere.
1160 1912 1361 1965 Duae.
1380 1912 1596 1976 -Fem

570 2004 672 2043 etc.
690 2020 771 2031 —
786 1989 990 2043 Plinius
1008 1990 1097 2043 hic
1119 1991 1319 2062 lycium
1345 1990 1595 2045 Indicum

570 2068 841 2135 describit,
856 2088 960 2122 nec
988 2070 1053 2122 ab
1072 2089 1137 2123 eo
1156 2070 1423 2123 diversum
1446 2070 1596 2143 quod

568 2167 602 2201 a
644 2146 925 2202 Discoride
973 2152 1323 2243 proponitur,
1375 2150 1468 2203 lili.
1534 2142 1594 2217 1'2

570 2244 688 2299 cap.
731 2226 879 2289 132'.
914 2241 973 2282 ut
1016 2226 1357 2301 Dalecampio
1389 2230 1593 2283 visum:

570 2326 695 2361 nam
718 2304 972 2361 Indicum
995 2329 1211 2381 quoque
1222 2308 1359 2363 illud
1376 2322 1475 2372 est,
1498 2310 1597 2361 etsi

571 2386 631 2439 in
682 2387 1019 2459 Cappadocia
1069 2388 1340 2461 Lycifique
1394 2388 1600 2459 pariter

572 2466 827 2539 gignitur.
857 2466 955 2519 Ait
978 2484 1089 2521 esse
1116 2469 1363 2521 arborem
1414 2468 1598 2539 spino-

575 2564 717 2611 sam,
754 2546 935 2598 fructu
970 2548 1174 2615 piperis
1205 2548 1370 2601 instar
1404 2547 1601 2617 nigro,

576 2644 783 2679 amaro.
809 2623 1002 2685 denso,
1031 2623 1134 2675 levi
1162 2642 1174 2676 :
1206 2624 1352 2676 foliis
1377 2628 1506 2679 buxi
1531 2628 1602 2679 si-

576 2704 832 2769 milibus,
883 2702 1195 2773 densisque,
1226 2700 1384 2757 ra'mis
1435 2708 1602 2757 trium

576 2784 883 2836 cubitorum
904 2822 918 2847 ,
944 2796 1035 2835 aut
1058 2782 1220 2855 paulo
1240 2783 1601 2854 longioribus:

578 2864 776 2917 cortice
802 2861 1004 2933 pallido
1027 2881 1040 2914 t
1068 2860 1339 2915 radicibus
1354 2857 1605 2915 numero·

577 2944 649 2996 sis
666 2982 682 3007 ‚
728 2942 847 2996 latis
864 2981 880 3006 ‚
923 2941 1159 3013 lignosis.
1202 2942 1337 3006 Quae
1378 2944 1602 2995 omnino

576 3042 700 3075 cum
769 3022 1009 3077 Pliniana
1056 3019 1411 3093 descriptione
1472 3040 1602 3075 con·

579 3116 797 3175 gruunt.
832 3100 1015 3155 Hau.
1054 3134 1137 3145 -
1178 3103 1241 3154 In
1290 3105 1460 3173 spinis.
1516 3102 1604 3153 Sic

578 3181 750 3236 Hard.
792 3202 821 3235 e
858 3180 1008 3233 MSS.
1050 3180 1230 3235 Dalec.
1272 3194 1324 3235 et
1348 3180 1529 3236 EizeV.
1557 3193 1607 3232 et

579 3267 735 3333 spina.
777 3260 1017 3315 GronoV.
1058 3274 1105 3311 et
1146 3266 1197 3313 in
1220 3262 1376 3331 spina.
1418 3292 1499 3302 —-
1526 3262 1607 3313 De

580 3342 723 3412 lycio
764 3339 877 3394 vid.
904 3342 1201 3394 Excursum
1226 3341 1277 3392 V
1307 3339 1374 3393 ad
1410 3340 1604 3407 calcem

588 3422 749 3493 hujus
774 3420 916 3473 libri.
945 3422 1049 3473 En.

666 3504 717 3555 3.
755 3500 909 3574 Cypri
934 3500 1088 3553 modo.
1126 3500 1210 3552 De
1240 3500 1425 3571 Cypro
1466 3496 1610 3552 dice·

583 3600 705 3635 mus
737 3598 852 3651 cap.
890 3580 979 3635 52.
1026 3580 1211 3634 Hiar).
1251 3608 1330 3619 —-
1366 3579 1608 3633 Dioscor.

583 3660 701 3713 husi
729 3660 900 3726 modo,
956 3680 1067 3712 non
1109 3660 1299 3733 cypri:
1340 3658 1407 3713 τὰ
1454 3663 1608 3729 φύλλα.

580 3740 718 3809 πὺξῳ
734 3740 897 3809 ὅμοια..
924 3738 1029 3792 En.

664 3826 715 3881 4.
748 3818 864 3870 Hae
900 3822 950 3870 in
976 3838 1103 3892 aqua
1138 3838 1243 3871 cum
1272 3823 1448 3871 semine
1472 3838 1609 3870 exee-

572 3910 681 3971 pta,
720 3910 823 3951 etc.
848 3896 1048 3950 Radice
1076 3898 1331 3951 nimirum
1362 3916 1606 3969 expressa

578 3998 700 4032 eum
717 3978 931 4033 semine.
959 3976 1048 4031 Sic
1070 3978 1359 4044 Oribasius,
1379 3978 1471 4032 lib.
1497 3978 1576 4031 XI
1591 4018 1605 4042 ‚

576 4077 695 4131 pag.
724 4060 825 4112 205
862 4076 873 4109 ε
906 4086 927 4107 ι
946 4056 1141 4113 Succ'us
1173 4074 1235 4111 ex
1260 4057 1401 4128 lycio
1424 4059 1600 4130 expri-

1686 1276 1853 1329 mitur
1882 1273 2012 1329 tusis
2041 1292 2150 1327 una
2181 1291 2304 1327 cum
2345 1270 2536 1325 frutice
2565 1268 2718 1323 radi·

1685 1355 1871 1420 cibus,
1919 1368 2018 1407 etc.
2055 1379 2078 1401 ι
2113 1351 2278 1405 Unde
2323 1362 2546 1422 apparet
2585 1348 2721 1405 scri-

1685 1436 1852 1506 psisse
1877 1431 2277 1493 Dioscoridem,
2307 1432 2401 1484 m».
2425 1430 2473 1487 1,
2497 1448 2545 1481 c.
2575 1431 2716 1491 132,

1684 1535 1795 1569 non
1823 1514 1902 1567 uti
1925 1512 2088 1573 hodie
2120 1512 2334 1582 legitur,
2367 1510 2614 1579 χυλῖζεται
2655 1510 2720 1561 ἐκ

1685 1598 1782 1645 τὸν
1808 1595 2012 1663 φύλλων,
2037 1590 2131 1645 sed
2166 1595 2221 1643 ix.
2245 1598 2342 1642 τῶν
2374 1592 2533 1661 ῥιζῶν,
2561 1586 2719 1659 quod

1687 1671 1893 1725 Plinius
1920 1673 2034 1743 ipse
2056 1670 2364 1733 confirmat,
2388 1670 2482 1721 lib.
2505 1668 2718 1733 XXIV,

1687 1770 1807 1823 cap.
1829 1770 1904 1821 77
1929 1768 1944 1803 :
1977 1778 2001 1799 ι
2025 1751 2346 1821 Coquuntur
2367 1748 2422 1801 in
2455 1746 2718 1819 equetusi

1687 1832 1843 1896 rami,
1862 1829 2206 1905 radicesque,
2235 1842 2336 1883 etc.
2360 1854 2382 1874 ι
2409 1826 2557 1880 Idem
2587 1827 2720 1879 Ori-

1685 1912 1861 1965 basius
1891 1911 2054 1981 paulo
2085 1922 2238 1980 post,
2271 1926 2335 1961 ex
2361 1908 2562 1960 semine
2583 1924 2724 1977 quo·

1686 2010 1791 2062 que
1829 2008 2102 2062 expresso„
2153 2002 2208 2041 et
2245 1989 2301 2041 in
2351 1988 2459 2041 sole
2497 1987 2716 2051 siccato,

1689 2072 1882 2124 confici
1926 2086 2141 2125 succum
2194 2065 2374 2121 tradit.
2429 2066 2606 2119 niun.
2633 2096 2722 2109 --

1686 2150 1818 2214 Hac,
1839 2164 1942 2203 etc.
1966 2150 2116 2201 Libri
2140 2166 2324 2201 omnes
2347 2158 2474 2199 ante
2486 2143 2722 2197 Har-dui-

1683 2248 1813 2281 num
1843 2228 1970 2281 editi
1994 2230 2111 2280 hoec.
2135 2229 2236 2280 En.

1771 2310 1800 2362 5
1813 2346 1826 2360 .
1853 2310 1938 2361 En
1975 2310 2116 2379 spina
2149 2320 2196 2358 et
2228 2312 2280 2359 in
2315 2306 2458 2358 Pelio
2477 2307 2716 2357 nascitur.

1688 2387 1942 2460 Ejusdem
1967 2387 2186 2459 quidem
2225 2386 2487 2449 nominis,
2511 2384 2602 2437 sed
2623 2402 2718 2455 ge-

1687 2469 1832 2520 neris
1871 2468 2094 2521 omnino
2124 2466 2366 2536 disparis,
2395 2461 2622 2535 perinde
2643 2476 2721 2516 ta·

1691 2567 1815 2601 men
1837 2548 2002 2618 ignoti
2028 2565 2041 2598 :
2075 2566 2140 2600 ex
2173 2564 2282 2617 qno
2307 2546 2464 2597 vilius
2491 2542 2722 2595 medica·

1692 2641 1932 2680 mentum
1957 2626 2148 2687 fiebat,
2179 2623 2326 2697 quod
2357 2622 2718 2675 adulterinum

1699 2708 1965 2759 voc-ahant
1992 2707 2212 2777 lycium.
2235 2704 2414 2756 Han.

1777 2787 1832 2836 6.
1878 2786 1974 2833 Fel
2009 2784 2250 2835 bubulum.
2290 2786 2440 2835 Inter
2487 2802 2722 2856 coquen-

1694 2862 1825 2915 dum
1849 2864 2048 2933 lycium
2078 2861 2314 2916 admixto
2339 2862 2462 2914 felle
2493 2864 2719 2928 bubulo,

1693 2943 1780 3009 vel
1809 2940 2058 2994 absinthii
2075 2942 2345 3007 succ0,vel
2371 2960 2611 3010 amurca,
2639 2945 2722 2997 in-

1694 3024 1814 3093 quit
1841 3021 2082 3074 Dioscor.
2111 3021 2213 3075 loc.
2243 3022 2333 3073 cit.
2355 3020 2405 3072 H
2414 3038 2542 3075 san.

1777 3120 1828 3171 7.
1857 3101 1957 3152 Vel
1977 3102 2107 3153 rhus.
2127 3101 2279 3153 Prius
2296 3100 2352 3151 in
2373 3099 2525 3153 libris
2543 3102 2716 3165 editis,

1693 3182 1782 3231 vel
1811 3182 1950 3245 thus,
1989 3180 2278 3250 legebatur.
2319 3182 2388 3233 At
2409 3180 2559 3235 MSS.
2586 3184 2717 3254 Reg.

1696 3260 1854 3313 Colb.
1877 3260 2058 3314 chiffl.
2092 3262 2251 3315 Paris.
2293 3258 2371 3311 vel
2393 3261 2506 3313 rhus
2526 3281 2545 3313 :
2571 3262 2718 3333 quod

1695 3340 1949 3393 Pliniana
1989 3342 2154 3393 menti
2189 3358 2314 3392 sane
2340 3342 2720 3410 congruentius

1699 3434 1810 3473 est:
1835 3438 1957 3472 nam
1991 3420 2083 3473 lib,
2113 3418 2322 3481 XXIV,
2347 3438 2463 3491 cop.
2501 3440 2598 3492 77,
2623 3424 2720 3476 ubi

1697 3500 1814 3553 haec
1838 3498 2020 3553 eadem
2050 3501 2159 3553 fere
2189 3498 2259 3552 de
2282 3498 2424 3569 lycio
2461 3512 2719 3573 repetun-

1700 3591 1789 3633 tur
1806 3598 1830 3633 ·.
1857 3606 1880 3629 α
1905 3578 2274 3641 Adulteratur,
2301 3579 2506 3651 inquit,
2531 3580 2720 3634 amaris

1697 3660 1867 3712 succis
1883 3699 1898 3726 ,
1923 3660 2081 3713 etiam
2103 3677 2316 3711 amurca
2333 3699 2348 3723 ,
2381 3676 2441 3710 ac
2467 3660 2589 3713 felic
2613 3662 2719 3713 bu-

1695 3740 1844 3792 bulo.
1869 3764 1890 3785 n
1922 3741 1996 3791 At
2018 3738 2156 3791 inter
2181 3757 2365 3791 succos
2387 3758 2594 3793 amaros
2619 3758 2720 3793 ne·-

1695 3834 1786 3870 mo
1828 3834 1952 3894 sane
1983 3818 2104 3871 thus
2145 3819 2420 3871 censuerit.
2467 3820 2547 3871 Ex
2583 3820 2720 3873 rhoe

1691 3916 1821 3950 vero
1850 3914 2065 3951 succum
2089 3898 2240 3963 elici,
2263 3898 2358 3970 qui
2385 3899 2510 3971 iycii
2536 3900 2722 3952 simili·

1693 3976 1936 4030 tudinem
1961 3998 2022 4032 ac
2043 3978 2156 4031 vim
2181 3979 2402 4043 referat,
2432 3989 2621 4033 auctor
2639 3990 2721 4031 est

1691 4056 1869 4111 Diose.
1899 4059 1992 4113 lib.
2015 4061 2063 4122 Ι,
2087 4074 2212 4129 pag.
2249 4064 2374 4125 147.
2397 4056 2574 4111 finan.
