2984 5009
629 1360 652 1393 1

715 448 856 522 156
1235 455 1312 523 C.
1371 456 1708 525 PLINII
1764 456 1982 525 NAT.
2040 456 2299 523 HIST.

699 585 1001 653 Neronis.
1045 585 1336 653 Maxime
1375 600 1601 655 tamen
1642 588 1882 655 mirum
1928 599 2060 671 est,
2092 586 2269 655 hanc
2308 585 2580 680 gratiam
2622 608 2798 679 pene-

700 704 906 759 trasse
953 705 1021 759 et
1061 692 1132 759 in
1178 705 1412 761 castra.
1457 691 1709 787 Aquilae
1750 706 1931 761 certe
1981 715 2059 761 ac
2104 695 2321 786 signa,
2369 691 2801 823 pulverulenta

697 794 842 883 illa,
885 809 954 864 et
989 796 1434 868 custodibus²²
1477 797 1781 880 horrida,
1832 801 2243 893 inunguntur
2281 782 2521 869 festis²³
2560 797 2799 885 diebus3

697 848 1084 997 utiiiamque
1123 903 1340 973 dicere
1381 929 1754 999 possemus,
1790 908 1935 1000 quis
1981 906 2235 999 primus
2270 902 2677 975 instituisset!
2709 907 2801 973 lta

697 1022 824 1094 est,
851 1010 1160 1078 nimirum
1193 1012 1320 1081 hac
1343 1010 1648 1080 mercede
1676 1027 2006 1107 corruptae
2038 1026 2365 1081 terrarum
2382 1011 2609 1080 orbem
2634 1010 2802 1079 devi-

696 1138 846 1183 oere
886 1116 1139 1209 aquilae.
1196 1120 1332 1187 Ista
1385 1118 1751 1211 patrocinia
1793 1119 2147 1211 quaerimus
2186 1117 2395 1206 vitiis,
2432 1133 2508 1187 ut
2539 1142 2657 1212 per
2688 1117 2801 1187 hoc

687 1219 798 1312 jus
833 1236 1180 1291 sumantur
1222 1224 1344 1293 sub
1381 1224 1631 1293 casside
1672 1239 2029 1319 unguenta.

800 1330 882 1399 V.
927 1328 1216 1425 Quando
1245 1329 1312 1398 id
1347 1329 1671 1424 primum¹
1701 1330 1786 1400 ad
1814 1332 2153 1399 Romanos
2186 1331 2660 1425 penetraverit,
2684 1352 2803 1405 non

605 1452 612 1459 ·
696 1431 888 1503 facile
930 1435 1228 1504 dixerim.
1281 1440 1557 1509 Certum
1600 1452 1700 1506 est
1738 1437 2069 1511 Antiocho
2110 1460 2267 1529 rege
2314 1436 2597 1530 Asiaque
2643 1434 2803 1504 devi-

695 1539 1112 1628 ctis‚Urbis²
1128 1566 1304 1610 anno
1339 1544 1865 1637 quingentesimo
1898 1543 2307 1637 sexagesimo
2330 1545 2593 1636 quinto,
2610 1544 2677 1609 P.
2702 1542 2805 1608 Li-

697 1632 986 1714 oinium³
1023 1650 1372 1734 Crassum,
1412 1650 1489 1717 L.
1529 1647 1777 1720 Julium
1814 1651 2142 1719 Caesarem
2172 1672 2477 1726 censores
2517 1646 2803 1731 edixisse,

697 1778 782 1821 ne
813 1755 958 1846 quis
989 1752 1308 1823 venderet
1335 1770 1672 1848 unguenta
1698 1744 1997 1885 exqtica⁴
2018 1756 2161 1823 sic
2186 1756 2361 1823 enim
2390 1752 2803 1849 appellavere

696 1862 783 1928 At
809 1858 1154 1929 hercules
1132 1884 1267 1954 Jam
1298 1860 1568 1969 quidam
1596 1848 1832 1937 etiam⁵
1864 1864 1931 1931 in
1976 1874 2173 1955 potus
2212 1860 2501 1929 addunt:
2534 1861 2807 1953 tantique

783 2037 874 2070 ιη.
942 2019 1020 2071 Et
1073 2018 1358 2071 custodibus.
1419 2018 1715 2072 Custodum

649 2150 656 2159 ,
701 2096 896 2150 virtute
916 2097 1150 2164 hon-ida,
1178 2098 1280 2151 hoc
1307 2110 1405 2164 est,
1433 2098 1721 2153 metuenda

701 2176 864 2247 signa.
897 2177 1026 2232 Hoc
1063 2178 1202 2231 enim
1240 2178 1619 2249 >signiferorum
1658 2179 1721 2231 in

698 2257 812 2309 acie
831 2258 1128 2311 constantia
1149 2257 1270 2321 suit,
1291 2270 1352 2310 ut
1372 2259 1536 2311 vitam
1552 2258 1719 2329 prius,

700 2354 864 2406 quam
893 2338 1036 2407 signa
1078 2338 1392 2391 amitterent.
1409 2338 1513 2389 Vel
1550 2337 1724 2389 horri-

701 2416 798 2469 dos
809 2416 1174 2487 integumento
1196 2415 1478 2487 signiferos
1503 2416 1721 2481 indicat,

701 2496 896 2567 quibus
943 2509 997 2549 et
1047 2496 1326 2548 loricatum
1385 2508 1575 2565 pectus
1592 2535 1609 2560 ‚
1668 2507 1724 2548 et

701 2576 870 2646 capita
897 2576 1126 2646 pellibus
1162 2574 1513 2629 animantium
1554 2576 1724 2627 obvo-

703 2655 850 2720 luta,
885 2654 966 2706 uti
1003 2672 1068 2705 ex
1095 2651 1364 2725 lapidibus
1393 2654 1724 2725 effinguntur

703 2752 734 2787 a
755 2734 958 2805 Lipsio‚
983 2731 1052 2785 de
1071 2732 1234 2786 Milit.
1263 2734 1327 2785 R.
1349 2734 1443 2785 lib.
1468 2734 1571 2798 IV,
1589 2732 1720 2786 dial.

705 2832 760 2882 9.
801 2813 888 2864 Sic
932 2824 1108 2865 autem
1151 2812 1351 2866 habent
1391 2813 1546 2866 MSS.
1590 2815 1721 2883 Reg.

703 2886 858 2947 C‘olh.
883 2892 984 2945 Ch.
1015 2904 1116 2945 etc.
1135 2910 1250 2945 non
1271 2892 1499 2945 custodiis
1523 2912 1543 2945 .·
1576 2892 1723 2963 quod

703 2984 764 3025 ut
793 2969 938 3024 idem
963 2972 1177 3042 Lipsius
1209 2971 1610 3041 interpretetur,
1656 2970 1725 3025 de

701 3052 862 3105 Milit.
885 3053 949 3103 R.
971 3051 1066 3104 lib.
1086 3051 1188 3113 IV,
1215 3049 1342 3103 dial.
1369 3070 1424 3119 9,
1443 3050 1511 3104 ad
1528 3064 1724 3105 castro·

701 3148 822 3183 rum
843 3148 1076 3183 carceres
1091 3129 1284 3183 frustra
1295 3131 1456 3183 consu
1463 3130 1541 3201 git
1558 3148 1573 3183 :
1590 3129 1723 3185 adeo

639 3209 644 3215 ”
702 3210 935 3265 intutum
961 3222 1041 3263 est
1065 3210 1176 3263 sola
1192 3210 1393 3281 ingenii
1417 3212 1721 3280 conjectura

701 3291 818 3344 niti.
853 3292 1036 3344 Hau).

787 3370 879 3424 23.
919 3370 1078 3423 Fastis
1116 3369 1298 3422 diebus.
1339 3369 1521 3422 Rebus
1562 3368 1723 3433 latis,

702 3449 1000 3523 militiaque
1053 3465 1304 3521 prospera
1323 3486 1340 3512 ‚
1403 3448 1723 3517 obviamque

700 3531 974 3585 itionibus.
1006 3530 1179 3582 Vetus
1247 3528 1523 3599 inscriptio
1580 3525 1726 3598 apud

701 3609 962 3663 Oiselium
1003 3609 1061 3662 in
1101 3610 1264 3662 Thes.
1304 3607 1570 3661 Numism.
1599 3623 1723 3676 pag·

706 3691 817 3753 468
841 3706 1122 3743 εοοιιοιιιο.
1149 3706 1388 3741 ncuerrs.
1411 3703 1721 3749 nemeen.

630 3814 638 3819 .
701 3770 912 3840 Nempe
933 3769 1084 3839 signa
1109 3769 1290 3821 ornari
1327 3786 1442 3820 mos
1478 3768 1583 3819 fuit
1606 3768 1723 3819 lau·

701 3866 792 3901 rus
801 3848 1104 3918 florumque
1115 3848 1344 3910 coronis,
1353 3860 1408 3901 et
1419 3844 1721 3918 unguentis.

781 3929 851 3982 V.
875 3948 897 3981 1
910 3967 924 3980 .
943 3928 1154 3997 Quando
1176 3928 1466 3997 idpn‘mum,
1479 3939 1586 3979 etc.
1600 3928 1721 3985 Iam

699 4006 981 4079 Tarquinii
1031 4018 1272 4078 tempore
1322 4019 1717 4077 unguentorum

649 4110 653 4113 ·
697 4087 799 4139 fuit
847 4106 990 4141 usus.
1035 4086 1243 4139 Ennius
1283 4086 1424 4139 enim
1470 4087 1573 4151 ait,
1618 4084 1717 4139 nisi

1804 2020 1973 2072 subsit
1990 2018 2197 2090 poetica
2220 2018 2539 2090 πρῶιπψιςμ
2514 2014 2807 2087 -Terquiuii

1805 2117 1999 2169 eorpus
2036 2100 2178 2151 bona
2212 2098 2413 2151 femina
2448 2098 2617 2162 lavit,
2646 2110 2694 2150 et
2722 2114 2807 2147 un·

1808 2176 1905 2230 xit.
1939 2204 1961 2225 ι
1996 2179 2201 2231 Dante.

1888 2276 1943 2311 ιι.
1987 2258 2134 2310 ’Πνόἱσ
2180 2274 2337 2319 anno,
2388 2268 2489 2309 etc.
2542 2257 2623 2309 Ita
2671 2252 2805 2309 MSS.

1804 2354 1989 2390 omues
2010 2350 2065 2391 et
2090 2335 2241 2390 editi.
2266 2337 2453 2389 Annus
2483 2335 2577 2389 hie
2606 2348 2806 2405 est‚quu

1802 2417 1965 2487 plane
1984 2415 2224 2471 devictus
2242 2414 2551 2469 Antiochus
2564 2452 2579 2473 ‚
2608 2414 2808 2469 domita-

1805 2514 1913 2567 que
1938 2497 2062 2550 Asia
2084 2508 2179 2549 est.
2208 2495 2392 2548 Ηιιιιι.

1888 2576 1941 2628 3.
1974 2578 2039 2629 Ρ.
2076 2576 2333 2628 Licinium.
2368 2576 2495 2627 Post
2522 2574 2701 2629 Asiam
2724 2571 2805 2625 do·

1806 2655 1995 2707 mitam
2020 2657 2173 2709 annis
2201 2667 2451 2719 centum,
2481 2655 2677 2725 quibus
2716 2670 2805 2704 un-

1803 2735 1987 2805 guenti
2029 2734 2237 2787 luxuria
2278 2734 2581 2805 penetravit
2619 2731 2683 2787 ad
2720 2732 2809 2783 Ro·

1807 2830 2024 2879 manos,
2064 2831 2127 2868 ac
2163 2814 2369 2885 legibus
2402 2810 2649 2885 'primmn
2675 2828 2806 2864 eoa·-

1806 2891 1973 2947 oends
2042 2892 2165 2947 fuit.
2218 2894 2417 2947 Refert·
2450 2892 2567 2947 hnc
2615 2906 2809 2965 quoque

1808 2972 2055 3037 Solinus,
2074 2990 2121 3025 c.
2150 2990 2309 3038 11³1,
2340 2991 2397 3045 p.
2430 2978 2526 3042 74.
2556 2972 2809 3024 Haeo.—

1807 3052 1869 3105 P.
1910 3052 2147 3105 Licinius
2194 3051 2412 3107 Crassus
2452 3064 2507 3105 et
2552 3052 2617 3104 L.
2654 3050 2809 3105 Julius

1808 3132 1980 3185 Cesar
2018 3148 2265 3185 eensores
2300 3132 2631 3185 frumentio
2657 3130 2725 3182 U.
2752 3129 2808 3181 C.

1811 3210 1946 3275 ⁵65,
1966 3223 2027 3263 ut
2046 3223 2191 3282 patet
2209 3228 2275 3263 ex
2302 3212 2407 3265 hoc
2430 3212 2572 3265 loeo.
2595 3212 2805 3265 Centum

1806 3308 1934 3361 ergo
1958 3291 2111 3344 suuis
2136 3302 2258 3361 post
2286 3290 2614 3345 Antiochum
2646 3286 2808 3358 reg'ein

1806 3370 2093 3440 Asiamque
2118 3368 2415 3433 domitam,
2447 3368 2517 3423 de
2544 3366 2809 3441 unguentis

1806 3468 1915 3502 non
1967 3448 2217 3509 edixere,
2270 3462 2333 3503 ut
2370 3448 2573 3520 placuit
2616 3444 2810 3503 erudito

1808 3527 2111 3583 Harduino.
2138 3530 2309 3582 Bnooe.

1889 3615 1945 3672 4.
1986 3610 2217 3661 Emeiea.
2244 3597 2503 3673 ἐξωτικὰ,
2524 3606 2808 3702 peregrina

1806 3700 2053 3752 externa,
2080 3700 2247 3759 utque
2264 3686 2399 3741 adeo
2418 3689 2577 3758 pretii
2588 3686 2811 3741 carioris.

1806 3767 2019 3821 Plaut.
2003 3786 2061 3821 ιιι
2088 3768 2313 3821 Mosteli.
2343 3778 2447 3821 act.
2473 3768 2520 3832 1,
2552 3786 2628 3824 sc.
2653 3786 2707 3829 V,
2742 3782 2809 3817 vs.

1811 3854 1877 3909 41
1911 3864 1926 3899 :
1982 3873 2006 3897 ι
2038 3848 2164 3902 Νοιι
2207 3864 2391 3899 omnes
2424 3860 2647 3916 possunt
2680 3844 2813 3897 olere

1807 3940 2079 3998 unguenta
2108 3927 2343 3989 exotica0,
2370 3924 2428 3980 Si
2448 3938 2507 3979 tu
2528 3927 2656 3979 oles.
2688 3950 2709 3972 ι
2726 3922 2787 3974 Η.

1889 4004 1940 4059 5.
2007 4007 2221 4075 Quidam
2266 4009 2410 4057 etiam
2432 4044 2447 4071 ‚
2502 4018 2604 4059 etc.
2662 3998 2809 4074 Apud

1805 4084 2054 4156 Theoph.
2076 4086 2173 4139 lib.
2185 4085 2295 4155 περὶ
2324 4092 2419 4141 τῶν
2448 4086 2640 4155 ὄσμῶνε
2655 4084 2806 4150 Μύρον
