2984 5009
1017 496 1325 565 LIBER
1376 495 1590 574 xvl,

2229 500 2360 571 (321

222 648 367 719 tur,
416 656 563 727 quae
618 643 949 700 vetustate
1008 632 1208 699 ctiam
1253 631 1583 723 nigrescit.
1653 632 1742 699 Et
1790 631 2094 725 quaedam
2149 648 2375 706 tamen

222 742 293 808 in
336 739 481 807 aliis
516 738 933 807 diuturniora
968 751 1123 805 sunt
1160 737 1385 806 usibus
1419 761 1620 831 quam
1659 736 1804 806 alia.
1840 737 2085 809 Ulmus
2124 741 2194 809 in
2233 768 2378 838 per·

224 847 389 915 flatu
402 844 453 869 ²⁰
480 845 697 931 firma,
717 844 923 913 robur
940 843 1301 928 defossum,
1332 858 1402 912 et
1429 845 1500 913 in
1517 846 1708 939 aquis
1733 869 2019 940 quercus
2036 844 2082 871 ³¹
2110 847 2372 920 obruta.

224 952 485 1022 Eadem
528 976 731 1047 supra
759 965 1005 1019 terram
1042 951 1288 1019 rimosa
1322 949 1481 1019 facit
1515 974 1756 1046 opera,
1798 952 2172 1047 torquendo
2209 981 2376 1027 sese.

226 1060 433 1128 Larix
460 1060 529 1128 in
562 1058 845 1127 humore
860 1058 907 1085 ⁸²
936 1058 1303 1153 praecipua,
1339 1071 1408 1126 et
1431 1055 1626 1127 alnus
1660 1048 1922 1153 nigra²³.
1955 1060 2193 1129 Robur
2229 1087 2376 1133 ma-

226 1156 445 1235 rina²⁴
482 1188 655 1260 aqua
704 1164 1176 1259 corrumpitur.
1240 1168 1395 1233 Non
1437 1164 1859 1259 improbatur
1902 1180 1970 1234 et
2009 1158 2263 1261 fagus²⁵
2311 1171 2382 1238 in

228 1296 436 1368 aqua,
466 1286 533 1341 et
560 1270 827 1366 juglans
858 1298 873 1339 ε
909 1270 1015 1340 hae
1049 1270 1315 1366 quidem
1345 1272 1413 1339 in
1460 1271 1563 1339 his
1607 1296 1754 1365 quae
1786 1270 2240 1364 defodiuntur,
2275 1277 2382 1346 vel

229 1376 653 1475 principales.
682 1381 853 1447 Item
872 1376 1512 1472 juniperuszeadem
1556 1392 1626 1447 et
1663 1378 2070 1451 subdialibus
2091 1370 2142 1409 ²⁶
2179 1384 2382 1478 aptis-

229 1487 418 1556 sima.
480 1488 696 1579 Fagus
757 1498 825 1553 et
896 1509 1125 1553 cerrus
1138 1484 1186 1523 ²⁷
1249 1483 1556 1553 celeriter
1604 1502 2045 1555 marcescunt.
2104 1487 2386 1559 Esculus

230 1616 501 1687 quoque
558 1591 860 1660 humoris
906 1591 1276 1687 impatiens·
1324 1593 1580 1661 Contra
1626 1590 1860 1662 adacta
1903 1594 1972 1661 in
2015 1609 2260 1665 terram
2315 1598 2386 1665 in
2424 1615 2454 1670 5

318 1829 411 1865 so.
448 1810 616 1863 Ulmus
658 1812 709 1862 ἰη
737 1810 967 1881 perflatu.
1001 1809 1059 1862 Si
1100 1807 1169 1861 ad
1208 1827 1269 1863 eu

230 1910 400 1963 opera
427 1889 727 1954 adhibetur,
748 1907 870 1962 quae
886 1890 999 1943 aeri
1022 1902 1267 1960 pateant,

232 1986 408 2041 eoque
428 1967 740 2041 pet-flentur.
774 1969 1056 2041 Theophr.
1076 1971 1270 2022 Πτιλίοι

235 2054 327 2121 μὲν
358 2054 405 2103 ἐν
430 2057 503 2121 τῷ
535 2051 637 2119 ἀέρι
660 2050 885 2111 ἀσαπῆς.
916 2051 1099 2101 Hum.

325 2150 355 2182 2
369 2147 415 2184 1.
450 2129 619 2182 Robur
646 2130 885 2197 defossum
904 2172 921 2193 ,
962 2142 1013 2181 et
1046 2134 1098 2181 in
1132 2131 1271 2201 aquis

233 2230 439 2281 quereus
468 2210 655 2263 obruta.
682 2211 823 2281 Lege
846 2210 945 2262 alia
970 2207 1271 2261 distinctio-

238 2308 310 2343 ne
326 2328 345 2356 ,
390 2316 414 2339 ι
435 2290 622 2343 Robur
642 2288 911 2343 defossum
931 2301 984 2341 et
1010 2288 1065 2339 in
1088 2288 1239 2360 aquis
1255 2326 1271 2349 ‚

240 2388 477 2441 quercus
542 2370 751 2423 obruta.
782 2396 807 2415 ι·
861 2368 1269 2437 Theophrastus

236 2451 339 2503 lib.
366 2451 420 2501 V
437 2486 453 2513 ,
480 2466 595 2519 cap.
634 2452 665 2503 5
694 2468 711 2503 a
748 2476 770 2497 ι
789 2450 979 2501 Robur
1001 2446 1273 2501 defossum

240 2544 405 2601 atque
438 2529 495 2581 in
525 2529 675 2599 aquis
712 2527 1015 2582 demersum
1033 2566 1049 2591 ‚
1080 2540 1271 2598 putre-

239 2608 387 2661 dinis
410 2608 615 2679 quippe
639 2609 744 2661 hoc
784 2608 1025 2663 immune
1050 2607 1272 2659 omnino

241 2688 461 2742 videtur
486 2704 501 2741 :
538 2690 609 2741 ob
639 2686 699 2741 id
726 2686 903 2741 fluviis
945 2688 1275 2757 lacubusque

242 2786 408 2822 naves
432 2768 533 2821 hac
560 2768 723 2821 etiam
756 2767 976 2820 materia
1002 2765 1274 2830 condunt,

243 2847 343 2902 sed
370 2848 504 2901 mari
530 2847 807 2919 putrescit.
836 2870 858 2892 ι
894 2846 1191 2901 Confirmat
1217 2845 1275 2898 id

242 2946 435 2981 rursus
454 2945 569 2999 cap.
598 2946 631 2997 7
667 2925 903 2999 ejusdem
928 2927 1074 2979 libri.
1110 2926 1275 2980 Pur.

245 3008 531 3059 -Itobma
583 3013 701 3077 Δρῦς
744 3002 805 3059 δὲ
844 3008 1241 3078 κατορυττομίνη
1259 3041 1276 3070 ‚

244 3088 335 3141 καὶ
364 3090 413 3139 ἐν
448 3083 603 3141 ὕδατι
636 3085 1061 3158 καταςρεχομίνη.
1094 3082 1276 3139 Theb-

250 3168 375 3238 phr.
405 3166 443 3217 l.
470 3186 517 3220 c.
547 3167 617 3220 Et
650 3165 719 3220 de
750 3184 954 3238 quercu
980 3164 1278 3229 Palladius,

248 3248 349 3300 lib.
370 3246 481 3299 ΧΠ
498 3284 515 3310 ,
534 3248 594 3300 in
619 3248 911 3301 Novembr.
931 3248 1014 3301 tit.
1034 3264 1057 3298 1
1071 3246 1101 3299 5
1116 3284 1133 3311 ,
1153 3263 1277 3316 pag.

258 3325 389 3397 173.
420 3324 601 3380 Rutu.

335 3426 426 3459 υ.
444 3407 599 3459 Las-tx
616 3409 667 3458 1¹12
688 3407 901 3459 hamon.
925 3408 990 3458 In
1012 3404 1185 3476 aquis.
1212 3402 1281 3457 ad

250 3484 321 3539 ed
348 3484 641 3556 palationes
684 3498 738 3539 et
764 3484 1115 3541 fundamenta
1150 3502 1165 3535 t
1196 3483 1283 3537 vel

250 3564 321 3619 nd
348 3583 525 3619 naves.
554 3566 739 3620 llum.

341 3644 436 3698 23.
449 3645 611 3698 Alnus
630 3650 793 3715 nigra.
826 3643 1113 3698 Vitruvius
1134 3641 1205 3697 de
1222 3662 1285 3697 ea

253 3726 449 3778 arbore
483 3726 789 3797 magnifice,
818 3725 913 3779 lib.
947 3726 1001 3777 11
1018 3761 1035 3785 ,
1067 3742 1186 3795 cap.
1214 3742 1248 3792 9
1268 3762 1285 3789 ‚

252 3824 377 3877 pag.
413 3804 485 3868 34
518 3822 532 3857 :
567 3832 589 3853 ι
624 3805 802 3858 Alnus
834 3817 1048 3869 autem,
1075 3804 1285 3876 inquit,

254 3903 377 3957 quae
420 3886 664 3954 proxime
686 3885 970 3938 fluminum
996 3882 1129 3954 ripis
1156 3901 1285 3955 pro·

254 3976 488 4029 creatur,
498 3977 551 4017 et
566 3965 785 4017 minime
794 3964 1041 4017 materies
1050 3964 1195 4016 utilis
1206 3963 1285 4015 vi-

253 4044 431 4108 detur,
444 4044 607 4097 habet
622 4045 677 4097 iu
692 4062 747 4097 se
760 4044 995 4116 egregins
1014 4043 1249 4097 rationes
1268 4061 1281 4093 ε

254 4124 516 4178 etenim...
552 4124 607 4177 in
638 4124 963 4195 palustribus
989 4123 1126 4178 locis
1150 4122 1287 4177 infru

1359 1806 1716 1862 fundamenta
1748 1806 2098 1863 :edificiorum
2119 1850 2135 1878 ,
2164 1811 2390 1883 palatio·

1356 1890 1517 1943 nibus
1542 1890 1731 1941 crebre
1760 1889 1897 1953 fixa,
1941 1890 2204 1960 recipiens
2239 1891 2297 1945 in
2333 1912 2390 1946 se

1357 1966 1506 2040 quod
1531 1968 1710 2021 minus
1747 1968 1910 2021 habet
1953 1968 2179 2039 liquoris
2199 2012 2214 2037 ,
2264 1990 2390 2043 per·

1255 2088 1266 2099 .
1357 2060 1539 2101 manet
1568 2048 1889 2101 immortalis
1907 2046 1974 2100 nd
2001 2051 2351 2105 aeternitatem
2369 2093 2385 2116 ,

1357 2140 1409 2181 et
1418 2128 1644 2182 sustinet
1653 2127 1904 2180 immania
1915 2128 2154 2198 pondera
2162 2144 2390 2185 structu-

1357 2228 1429 2261 τε
1442 2248 1458 2273 ,
1492 2220 1546 2260 et
1563 2207 1676 2259 sine
1696 2206 1841 2260 vitiis
1859 2222 2152 2262 conservat.
2173 2207 2254 2263 Ita
2271 2231 2390 2283 quae

1356 2306 1466 2340 nou
1476 2298 1654 2358 potest
1665 2298 1814 2339 extra
1827 2299 2017 2340 terram
2028 2290 2248 2359 paulum
2261 2302 2394 2344 tem·

1356 2385 1459 2437 pus
1484 2366 1707 2431 durare,
1735 2384 1796 2419 ea
1825 2366 1881 2419 in
1911 2368 2140 2421 humore
2169 2372 2390 2437 obruta,

1358 2460 1638 2517 permanet
1675 2445 1744 2499 ad
1783 2444 2217 2515 diuturnitatem,
2235 2462 2335 2504 etc.
2360 2476 2385 2499 ι

1360 2524 1632 2579 Palladius
1645 2526 1684 2581 l.
1713 2543 1761 2578 c.
1795 2552 1818 2575 ι
1854 2526 2024 2580 Alnus
2041 2528 2256 2582 fabricae
2270 2531 2393 2584 inu-

1362 2606 1498 2673 tilis,
1551 2604 1646 2658 sed
1686 2606 2002 2667 necessaria,
2046 2608 2092 2660 si
2136 2608 2396 2663 humidus

1358 2686 1510 2739 locus
1562 2684 1628 2738 ed
1691 2684 2004 2756 accipienda
2050 2686 2396 2743 fundamenta

1361 2764 1625 2836 palandus
1657 2778 1754 2819 est.
1797 2790 1821 2814 ι
1850 2766 2034 2819 Hum.

1448 2852 1540 2910 ²4·
1597 2846 1768 2898 Robur
1807 2849 2015 2901 marina.
2043 2848 2321 2920 Tbeophr-
2350 2850 2393 2904 l.

1363 2946 1413 2981 c.
1438 2931 1558 2997 Δρῦς
1587 2928 1636 2979 ἐν
1663 2932 1728 2995 τῇ
1753 2925 1978 2995 θαλάττῃ
2003 2928 2241 2984 σήπεται.
2263 2928 2332 2982 Η.

1448 3006 1542 3060 25.
1575 3007 1653 3058 Et
1666 3008 1882 3076 fagus...
1905 3019 1954 3058 et
1969 3009 2194 3078 juglans.
2217 3010 2396 3063 Theo-

1362 3085 1485 3155 phr.
1529 3104 1630 3138 nec
1660 3086 1783 3156 fago
1801 3123 1814 3143 .
1847 3104 1948 3139 nec
1985 3087 2228 3159 juglandi
2256 3090 2398 3143 banc

1364 3163 1550 3217 dotem
1578 3164 1838 3233 ajudicat,
1870 3164 1966 3219 sed
1991 3167 2108 3238 ὀξὺᾳ
2136 3169 2398 3239 καὶκαρὺᾳ

1364 3242 1710 3313 Εὐὸοῖκῇ,1ιοο
1717 3256 1814 3302 est,
1824 3261 1976 3297 cerro
1985 3257 2038 3298 et
2044 3260 2315 3302 castaneo.
2328 3250 2398 3303 Η.

1453 3326 1541 3376 26.
1599 3321 1928 3376 Subdialibus.
1962 3323 2047 3376 Ad
2091 3344 2151 3378 eu
2194 3345 2358 3397 opera
2379 3366 2392 3387 ‚

1367 3421 1487 3475 qun
1515 3404 1613 3455 sub
1635 3401 1729 3455 dio
1761 3415 1900 3457 sunt.
1927 3403 2117 3460 Hum-

1456 3502 1548 3553 ²7·
1581 3482 1751 3553 Fagus
1775 3496 1826 3534 et
1842 3502 2020 3537 cerrus.
2041 3485 2256 3540 vitruv.
2286 3487 2326 3541 Ι.
2347 3504 2393 3541 c.

1368 3582 1492 3634 pag.
1529 3564 1602 3626 34
1629 3579 1643 3615 :
1684 3587 1707 3611 ι
1739 3562 1966 3628 Certus,
1996 3565 2157 3617 suber
2175 3602 2192 3631 ,
2213 3564 2362 3637 fagus
2381 3604 2398 3631 ,

1369 3641 1521 3715 quod
1574 3660 1796 3713 parvam
1845 3643 2044 3696 habent
2088 3645 2400 3699 mixtionem

1370 3722 1618 3776 humoris
1637 3760 1654 3787 ,
1685 3736 1738 3776 et
1778 3722 1945 3793 ignis,
1975 3737 2028 3777 et
2049 3725 2244 3777 terreni
2267 3726 2402 3779 aeris

1370 3804 1688 3874 plurimum,
1709 3802 1894 3873 pervia
1915 3803 2132 3858 raritate
2150 3804 2403 3859 humores

1373 3883 1586 3953 penitus
1615 3881 1926 3953 recipiendo
1941 3920 1958 3947 ‚
1989 3884 2230 3941 celeriter
2257 3904 2401 3939 mar-

1372 3972 1610 4017 cescunt.
1641 3988 1663 4009 n
1698 3961 1964 4016 Palladius
2005 3964 2062 4016 in
2103 3965 2240 4017 Nov.
2277 3984 2401 4036 pag.

1381 4042 1481 4096 15:
1505 4042 1708 4114 «Pagus
1737 4043 1792 4095 in
1815 4044 1954 4095 sir-co
1975 4043 2145 4110 utilis,
2176 4045 2404 4099 humore

1376 4123 1762 4194 corrumpitur.
1805 4148 1828 4171 ο
1865 4122 2044 4177 ΒΑΜ).
