2984 5009
515 453 564 523 6
1069 458 1145 523 C.
1198 457 1539 525 PLINII
1586 458 1807 525 NAT.
1856 456 2119 523 HIST.

518 579 644 657 ubi'
674 600 903 681 postea.
947 586 1194 659 factum
1233 576 1647 683 gymnasium
1681 614 1697 655 ε
1742 612 1865 657 nec
1908 587 2205 681 potuisse
2243 588 2309 654 in
2348 585 2661 681 amplitu-

520 694 743 765 dinem
781 690 1202 782 adolescere3
1237 710 1306 763 et
1339 694 1501 765 alias
1528 693 1765 764 fuisse⁹
1797 695 1866 764 in
1903 692 2131 778 Italia,
2161 717 2241 762 ac
2266 695 2662 764 nominatim

524 801 882 893 Hispania,
927 800 1110 893 apud
1137 816 1444 871 auctores
1487 802 1846 871 invenitur.

628 909 748 977 IV.
779 910 927 975 Hoc
963 921 1186 977 actum
1225 911 1406 979 circa
1437 922 1649 1002 captae
1668 905 1897 977 Urbis¹
1930 920 2190 978 aetatem
2224 904 2666 1000 {tantumque

522 1027 754 1109 postea
775 1012 1050 1085 honoris
1075 1015 1389 1101 increvit,
1413 1030 1490 1084 ut
1518 1040 1704 1085 mero
1728 1011 1983 1084 infuso²
2008 1014 2461 1084 enutriantur:
2492 1036 2667 1082 com-

524 1134 791 1215 pertum
823 1118 892 1189 id
919 1122 1208 1195 maxime
1231 1120 1547 1217 prodesse
1575 1121 1907 1203 radicibus
1926 1121 2441 1213 :docuimusque
2467 1119 2665 1187 etiam

527 1226 800 1299 arbores
835 1228 993 1297 vina
1029 1241 1282 1321 potare.

631 1334 718 1401 V.
759 1328 1124 1403 Celebratae
1159 1349 1317 1403 sunt
1355 1336 1651 1430 primum
1686 1335 1754 1403 in
1780 1329 2665 1419 ambulatione-Academiae*

527 1552 724 1619 laestra,
764 1550 861 1603 nbi
893 1549 962 1603 de
987 1570 1138 1605 more
1167 1552 1376 1607 athlete
1407 1570 1559 1607 exer-

531 1632 804 1685 cebantur.
839 1631 1023 1684 Hmn.

613 1730 666 1779 9.
711 1712 788 1764 Et
829 1710 955 1763 alias
983 1712 1156 1779 fuisse.
1202 1711 1557 1783 Theophrast.

529 1790 671 1842 libro
699 1792 802 1854 IV,
829 1790 1003 1861 capite
1031 1810 1066 1863 7
1101 1810 1115 1845 τ
1156 1794 1203 1869 ⁸⁹2
1246 1792 1334 1862 μὲν
1364 1790 1458 1863 γὰρ
1486 1797 1559 1861 τῷ

532 1862 696 1940 Ᾰᾶᾋίᾳ
729 1870 981 1923 πλάτανον
1011 1875 1062 1924 οὐ
1088 1870 1231 1943 φασὶν
1261 1866 1406 1935 εἶναι,
1431 1870 1558 1927 πλὴν

535 1950 648 2019 περὶ
684 1953 738 2003 τὸ
777 1946 1048 2020 Διομήδους
1083 1952 1223 2023 ἱερόν·
1250 1952 1466 2004 σπανίαν
1500 1946 1561 2003 ὃὸ

535 2028 619 2081 καὶ
652 2032 698 2083 ἐν
737 2019 912 2099 Ῐτοιλίᾳ
953 2031 1115 2099 πάσῃ.
1160 2030 1310 2083 Alios
1353 2042 1565 2084 secutus

539 2121 779 2161 auctores
809 2108 1014 2162 Plinius
1033 2110 1193 2185 legit:
1221 2114 1268 2163 ἐν
1294 2110 1492 2181 Σπανίᾳ
1505 2106 1565 2163 δὲ

537 2187 622 2241 καὶ
657 2192 702 2240 ἐν
732 2190 910 2260 Ιταλίᾳ
927 2228 942 2255 ,
971 2202 1060 2242 aut
1084 2204 1229 2243 certe
1251 2190 1565 2243 recitantem

541 2267 615 2319 ita
635 2266 890 2321 libertum
913 2268 1097 2323 audiit.
1123 2272 1299 2340 Atque
1319 2267 1456 2322 adeo
1478 2282 1567 2338 ge·
1596 2280 1605 2287 “

537 2348 706 2401 nuina
745 2348 962 2401 videtur
992 2348 1191 2403 codicis
1229 2348 1461 2401 Pliniani
1489 2348 1566 2399 le-

541 2428 670 2493 ctio,
700 2443 861 2499 quam
885 2442 937 2482 et
961 2428 1171 2482 codices
1199 2446 1384 2479 omnes
1413 2440 1567 2479 tuen-

542 2520 660 2571 tur;
718 2528 883 2579 quum
939 2508 1141 2578 alioqui
1185 2506 1261 2559 sic
1310 2504 1569 2559 mutanda

545 2585 713 2651 soret,
749 2606 814 2639 ex
849 2605 976 2639 vero
1017 2586 1430 2657 Theophrastqm
1453 2605 1569 2639 ora·

545 2664 706 2717 tionis
726 2666 992 2718 intellectu
1017 2684 1030 2717 :
1063 2689 1088 2711 «
1102 2678 1156 2719 et
1172 2683 1314 2718 raras
1331 2665 1490 2718 fuisse
1512 2666 1569 2719 in

545 2742 718 2808 Italia,
737 2763 799 2797 ac
815 2746 1130 2798 nominatim
1155 2745 1212 2797 in
1231 2744 1410 2803 Adria,
1426 2743 1572 2822 apud

547 2836 798 2877 auctores
854 2824 1142 2879 invenitur.
1187 2850 1209 2873 ι
1259 2822 1443 2879 Rutu.
1490 2857 1573 2867 —-

551 2902 726 2957 Codd.
750 2904 916 2976 Regg.
937 2916 988 2956 et
1005 2904 1170 2976 lang.
1189 2915 1243 2956 ut
1263 2904 1405 2958 alias.
1428 2904 1574 2958 Alias

551 2998 722 3037 nutem
751 2982 990 3055 intelligo
1022 2984 1149 3037 alius
1175 2988 1381 3053 generis.
1410 2984 1575 3039 Nem-

549 3080 620 3133 pe
641 3063 912 3133 platanus,
937 3063 1122 3136 gallice
1151 3064 1195 3113 le
1215 3064 1443 3133 platone,
1464 3082 1574 3116 non

553 3155 666 3195 erat
695 3144 752 3195 in
778 3144 927 3195 Italia
955 3154 1010 3194 et
1039 3142 1418 3215 Hispania,sed
1439 3146 1578 3197 Acer

551 3220 902 3293 platanoides,
932 3222 1133 3273 l'e'rable
1152 3222 1317 3293 plane.
1345 3222 1459 3275 Nec
1481 3221 1578 3274 ali-

554 3313 635 3354 ter
661 3300 908 3359 Cererem
924 3302 1150 3355 Atticam
1173 3301 1241 3353 ab
1263 3302 1364 3355 alia
1384 3302 1579 3355 Cerere

554 3380 611 3433 in
634 3382 812 3435 Sicilia
834 3380 1075 3435 distinxit
1099 3380 1300 3433 Plinius
1328 3378 1458 3445 vn,
1486 3380 1579 3434 56.

557 3460 729 3521 Bao-r.
753 3492 834 3504 -—
859 3459 1183 3514 Hallucinsri
1211 3458 1422 3513 videtur
1448 3460 1580 3513 Bro-

555 3542 736 3595 terius.
762 3540 956 3594 Noster
976 3540 1118 3593 enim
1138 3559 1246 3593 non
1271 3540 1404 3592 alius
1424 3558 1584 3611 gene-

555 3620 630 3673 ris
656 3622 920 3692 platanos,
939 3620 1036 3675 sed
1057 3620 1184 3674 alias
1209 3620 1450 3673 similiter
1472 3638 1584 3673 esse

558 3700 618 3751 in
659 3702 810 3753 Italia
827 3739 842 3765 ,
887 3720 1030 3753 raras
1076 3698 1296 3773 quidem
1337 3700 1583 3769 Dionysii

557 3781 918 3851 temporibus,
945 3780 1239 3851 significare
1266 3779 1456 3832 voluit.
1477 3778 1583 3833 En.

639 3860 733 3911 IV.
795 3880 841 3911 1.
900 3860 1072 3930 Captoe
1106 3859 1267 3911 Urbis.
1327 3859 1512 3913 Romae
1555 3879 1586 3912 a

559 3936 728 3991 Gaflis
748 3952 934 4011 capta,
963 3958 1104 3992 anno
1136 3936 1206 3989 U.
1231 3940 1294 3992 C.
1314 3938 1442 4004 364.
1460 3938 1582 3991 Dal.

559 4016 682 4071 cod.
715 4024 844 4069 circa
868 4016 1204 4089 Capuae'nrbis
1235 4030 1443 4073 oetatem.
1466 4018 1582 4071 Mn-

503 4136 507 4140 *
559 4098 610 4149 le
639 4122 652 4161 ;
708 4096 909 4153 adeone
955 4098 1098 4151 enim
1135 4096 1368 4169 insignes
1418 4098 1579 4169 hujus

1648 1551 1797 1605 urbis
1818 1558 2000 1617 ortus,
2038 1564 2090 1604 et
2117 1550 2371 1603 Romanis
2398 1566 2673 1601 commen-

1649 1630 1850 1685 dabiles
1881 1630 1977 1684 visi
1999 1644 2144 1695 sunt,
2163 1644 2225 1683 ut
2238 1627 2521 1701 signandos
2551 1626 2675 1679 inde

1649 1711 1833 1775 fastos,
1866 1724 1919 1763 et
1955 1709 2261 1764 denotanda
2294 1723 2535 1781 tempora
2564 1707 2675 1760 Pli-

1648 1792 1770 1845 nius
1790 1791 2060 1864 putaverit
2080 1788 2105 1843 ἓ
2132 1789 2314 1842 ΗΑιιι).

1735 1890 1785 1924 2.
1824 1870 1892 1923 Ut
1922 1890 2052 1923 mero
2088 1872 2264 1939 infuso.
2297 1868 2536 1921 Macrob.
2582 1866 2679 1918 Sa-

1650 1962 1799 2004 turn.
1820 1951 1896 2016 11,
1920 1970 1951 2021 9
1986 1969 1998 2002 :
2040 1978 2063 1999 ι
2089 1949 2406 2004 Hortensius
2438 1947 2679 2019 platanos

1650 2049 1767 2083 suas
1793 2029 1921 2083 vino
1957 2030 2175 2101 irrigare
2202 2027 2478 2082 consuevit
2503 2046 2517 2079 z
2544 2024 2679 2081 adeo

1652 2122 1713 2162 ut
1755 2108 1811 2163 in
1856 2109 2065 2162 actione
2110 2106 2337 2183 quadam
2353 2147 2368 2174 ,
2389 2125 2553 2178 qnam
2580 2105 2679 2158 ha·

1650 2190 1769 2241 buit
1790 2208 1911 2241 cum
1936 2188 2196 2241 Cicerone
2218 2200 2511 2259 susceptam
2530 2224 2547 2249 ,
2561 2204 2682 2257 pre-

1654 2268 1797 2321 cario
1810 2288 1840 2320 a
1858 2268 2041 2321 Tullio
2057 2267 2391 2339 postulasset,
2415 2280 2475 2319 ut
2498 2266 2681 2318 locum

1655 2346 1867 2399 dicendi
1910 2358 2234 2418 permutaret
2271 2364 2446 2398 secum
2478 2364 2489 2397 :
2532 2344 2683 2396 abire

1656 2426 1797 2480 enim
1822 2425 1879 2478 in
1910 2427 2091 2480 villam
2118 2426 2413 2479 necessario
2444 2442 2501 2477 se
2524 2424 2681 2489 velle,

1656 2518 1718 2560 ut
1742 2506 1928 2558 vinum
1947 2506 2161 2578 platano
2177 2544 2193 2571 ,
2215 2524 2373 2578 quam
2398 2502 2452 2556 in
2472 2502 2683 2558 Tuscu-

1656 2585 1781 2638 lano
1801 2599 2080 2656 posuerat,
2113 2586 2227 2656 ipse
2260 2581 2611 2637 suffunderet.
2652 2608 2674 2628 ι

1656 2664 1888 2736 Martial.
1918 2666 2073 2738 Epig.
2106 2665 2187 2717 lx
2205 2703 2221 2730 ,
2240 2667 2311 2717 62
2341 2682 2355 2717 τ
2391 2692 2412 2713 ι
2431 2662 2608 2717 Crevit
2632 2674 2686 2715 et

1660 2746 1833 2799 effuso
1864 2745 2037 2799 latior
2076 2744 2267 2797 umbra
2308 2763 2475 2798 mero.
2504 2769 2529 2791 a
2563 2742 2686 2795 Ele-

1660 2843 1787 2895 gans
1817 2823 1885 2878 de
1908 2823 2096 2878 eodem
2121 2826 2449 2895 epigramma
2477 2822 2685 2894 Philip·

1660 2904 1753 2974 pi,
1780 2905 1841 2957 in
1865 2905 2087 2959 Anthol.
2122 2904 2294 2957 Graec.
2329 2904 2381 2966 1,
2418 2904 2511 2972 59,
2538 2899 2687 2973 quod

1664 2984 1883 3037 Grotius
1910 2983 1981 3037 ita
2022 2983 2331 3037 transtulit:
2361 3006 2382 3027 u
2406 2979 2689 3035 Frondife-

1664 3082 1777 3116 ram
1802 3063 2073 3135 platanum
2094 3082 2182 3115 me
2209 3061 2281 3115 de
2303 3062 2483 3117 radice
2508 3060 2687 3115 revul-

1665 3162 1777 3196 sam
1837 3142 2103 3196 Straverat
2164 3141 2335 3195 insani
2388 3142 2470 3194 vis
2506 3154 2689 3193 trucu-

1664 3222 1807 3275 lenta
1828 3222 1977 3278 Noti.
2002 3220 2136 3274 Lota
2162 3222 2425 3275 resurrexi
2444 3220 2687 3287 bromio;

1668 3301 1803 3354 mihi
1835 3302 2033 3355 scilicet
2050 3313 2182 3355 testu
2205 3302 2388 3355 Imber
2408 3302 2472 3366 is,
2494 3312 2549 3353 et
2563 3301 2693 3352 bru-

1670 3400 1756 3433 ma
1789 3382 1990 3453 gratior
2015 3380 2191 3433 imbre
2236 3380 2403 3433 Jovis.
2445 3380 2531 3433 sic
2557 3378 2690 3431 mihi

1671 3460 1779 3516 vita
1795 3459 1994 3515 redux:
2026 3460 2252 3515 aliorum
2280 3478 2503 3529 corpora
2524 3458 2692 3513 flectit

1670 3540 1833 3593 Evius
1850 3580 1869 3607 ,
1892 3555 1944 3593 at
1974 3553 2217 3594 nostrum
2242 3540 2437 3592 rectius
2462 3556 2572 3591 esse
2598 3536 2693 3591 de·

1671 3618 1767 3673 dit.
1797 3647 1820 3667 ι
1852 3620 2033 3674 Han.

1754 3700 1824 3752 V.
1858 3718 1904 3753 1.
1931 3698 2391 3753 Academioe.Villn
2409 3697 2511 3750 suit
2534 3697 2698 3751 Athe-

1674 3780 1757 3833 nis
1784 3778 2033 3851 imposita
2046 3778 2233 3841 littori,
2260 3796 2384 3831 cum
2410 3778 2621 3846 porticu
2644 3789 2696 3829 et

1674 3878 1920 3925 nemore,
1950 3871 2009 3912 ut
2036 3858 2174 3913 Plin.
2204 3856 2360 3911 docet
2374 3856 2469 3909 lib.
2490 3856 2700 3924 XXXI,

1675 3957 1792 4009 cap.
1835 3937 1887 3991 3.
1936 3939 2125 3993 Cicero
2173 3936 2462 4004 Quaestion.
2510 3934 2697 3989 acade-

1676 4019 1859 4072 micar.
1884 4018 1979 4072 lib.
2008 4020 2033 4069 1
2050 4058 2067 4084 ,
2086 4037 2202 4091 cap.
2238 4036 2301 4087 17
2328 4035 2341 4068 :
2367 4043 2389 4064 ι
2414 4015 2523 4081 Qui
2546 4028 2695 4069 erant

1674 4118 1795 4151 cum
1848 4098 2131 4153 Aristotele
2176 4094 2507 4167 Peripatetici
2567 4094 2695 4148 dicti
