2984 5009
986 456 1309 527 LIBER
1360 459 1584 527 XVI.
2211 454 2358 533 505

316 587 495 655 XVI.
542 580 919 683 Peregrinae
956 602 1101 657 tum
1143 588 1548 657 videbantur
1571 640 1590 673 ,
1635 589 1951 682 quoniam
1989 614 2129 659 non
2169 607 2362 661 erant
2404 618 2427 653 1

214 692 601 765 suburbanae
619 748 641 781 ‚
698 692 929 789 pinus¹
995 709 1195 789 atque
1254 694 1475 781 abies,
1533 717 1900 789 omnesque
1951 720 2099 789 quae
2141 699 2360 793 picem

213 801 527 895 gignunt,
579 800 665 869 de
712 802 955 895 quibus
1000 826 1181 873 nune
1236 801 1538 873 dicemus
1557 854 1578 888 ‚
1631 800 1828 871 simul
1883 815 1958 870 ut
2005 816 2148 872 tota
2189 829 2359 875 con-

212 905 424 975 diendi
472 907 629 975 vina
656 909 861 1002 ¹origo
896 922 1359 1002 cognoscatur.
1418 907 1748 997 Quaedam
1791 907 2018 977 ferunt
2053 910 2124 977 in
2164 912 2322 982 Asia
2339 966 2362 1001 ,

211 1025 323 1081 aut
363 1014 677 1099 Oriente,
716 1040 755 1083 e
806 1012 1139 1109 praedictis
1176 1016 1421 1109 picem.
1480 1018 1560 1083 ln
1607 1017 1883 1108 Europa
1937 1040 2060 1085 sex
2115 1041 2362 1110 genera

210 1134 643 1213 cognatarum
695 1120 1013 1191 arborum
1054 1120 1297 1192 ferunt.
1335 1124 1439 1191 Ex
1478 1122 1556 1191 iis
1591 1123 1787 1216 pinus
1827 1135 2030 1216 atque
2064 1125 2361 1217 pinaster

211 1223 437 1294 folium
478 1226 733 1297 habent
767 1226 1213 1322 capillamenti
1248 1228 1453 1298 modo
1493 1242 1834 1321 praetenue
1855 1281 1876 1315 ,
1913 1227 2320 1325 longumque
2339 1284 2358 1317 ‚

208 1346 275 1401 et
306 1356 633 1403 mucrone
669 1332 1065 1403 aculeatum.
1122 1336 1325 1404 Pinus
1368 1334 1502 1405 fert
1543 1336 1894 1407 minimum
1941 1338 2176 1405 resinae
2194 1389 2214 1425 ‚
2251 1340 2352 1408 in·

208 1438 467 1509 terdum
498 1454 569 1509 et
598 1439 922 1511 nucibus²
956 1442 1117 1536 ipsis
1134 1494 1155 1529 ,
1187 1441 1273 1511 de
1305 1442 1547 1537 quibus
1568 1442 1822 1511 dietum
1845 1457 1978 1528 est,
2012 1444 2254 1539 vixque
2283 1458 2358 1515 ut

206 1545 620 1616 adscribatur
664 1548 910 1641 generi.

304 1655 532 1723 XVII.
575 1652 912 1725 Pinaster¹
944 1653 1109 1725 nihil
1141 1653 1319 1725 aliud
1356 1669 1491 1741 est,
1527 1678 1732 1751 quam
1763 1657 1960 1751 pinus
1997 1654 2354 1741 silvestris,
2399 1688 2421 1719 ι

206 1761 377 1828 mira
406 1758 755 1830 altitudine
778 1815 799 1847 ‚
844 1771 913 1831 et
956 1786 997 1831 a
1026 1762 1248 1831 medio
1279 1786 1580 1847 ramosa,
1630 1764 1802 1832 sicut
1851 1764 2048 1858 pinus
2097 1765 2166 1832 in
2202 1788 2356 1833 ver·

204 1867 353 1935 tice.
388 1868 849 1962 Copiosiorem
879 1865 993 1937 dat
1019 1866 1201 1938 haec²
1234 1870 1521 1939 resinam
1547 1922 1566 1955 ‚
1592 1893 1728 1963 quo
1755 1854 2089 1939 dicemus³
2127 1869 2352 1941 modo.

204 1973 521 2067 Gignitur
556 1987 627 2042 et
670 1975 739 2043 in
777 1973 1009 2070 planis.
1059 1972 1349 2044 Easdem
1384 1974 1662 2045 arbores
1702 1974 1832 2044 alio
1885 1977 2155 2045 nomine
2213 2001 2356 2046 esse

204 2102 325 2173 per
386 2081 577 2150 oram
631 2077 844 2151 Italiae
870 2134 891 2165 ‚
946 2105 1116 2175 quos
1166 2067 1453 2151 tibulos⁴
1499 2096 1780 2169 vocant,
1827 2080 2127 2177 plerique
2181 2083 2356 2152 arbi·

202 2199 489 2269 uantur,
534 2186 654 2255 sed
682 2185 961 2281 graciles
1000 2189 1610 2281 succinctioresque
1625 2241 1646 2275 ‚
1681 2201 1750 2257 et
1786 2188 2060 2275 enodes,
2081 2186 2359 2259 liburni-

202 2316 435 2361 carum
460 2279 483 2317 ⁵
514 2292 599 2362 ad
638 2318 832 2381 usus,
869 2318 1057 2387 paene
1094 2296 1233 2363 sine
1267 2295 1506 2363 resina.

302 2400 571 2469 XVIII.
634 2398 866 2469 Picea'
922 2415 1187 2471 montes
1240 2416 1457 2491 amat,
1502 2416 1702 2495 atque
1760 2399 2014 2496 frigora
2063 2427 2080 2471 ε
2131 2400 2354 2473 feralis
2395 2436 2420 2470 ι

200 2564 449 2618 Dictator
490 2582 607 2617 eam
652 2564 826 2635 legem
875 2565 1023 2629 tulit,
1070 2578 1131 2619 ut
1170 2582 1235 2618 eo
1404 2563 1588 2619 XVII.
1622 2584 1671 2619 ι.
1699 2564 1944 2619 Pes-aster.
1989 2564 2140 2627 Πῖτυς
2173 2566 2356 2639 ἀγρία,

196 2646 345 2715 jure,
378 2642 531 2715 quod
547 2644 701 2715 plebs
717 2645 983 2699 statuisset
1002 2682 1021 2710 ,
1052 2664 1238 2698 omnes
1319 2647 1411 2715 pin
1425 2664 1652 2714 sauuage.
1670 2644 1914 2717 Pingitur
1930 2664 1960 2697 a
1979 2644 2358 2701 Dodona.—

200 2724 444 2791 Quirites
466 2736 823 2778 tenerentur.»
854 2722 1034 2778 Han.
1324 2722 1514 2779 Servat
1539 2742 1740 2779 nomen
1770 2724 1835 2777 P.
1857 2727 2094 2795 pinaster.
2127 2728 2232 2779 En.

274 2804 443 2857 XVI.
470 2820 518 2857 ι.
548 2804 721 2858 Pinus.
744 2804 881 2870 Qua
907 2804 1106 2859 Grecis
1126 2804 1238 2859 fere
1411 2825 1463 2858 s.
1505 2804 1829 2875 copiosiorem
1853 2804 1945 2857 dae
1986 2806 2105 2859 liaee.
2146 2806 2356 2879 Nempe

198 2886 345 2945 πίτυς
364 2924 383 2947 ,
430 2884 626 2937 nostris
652 2904 717 2936 un
738 2887 846 2953 pin.
882 2884 1093 2938 Archiae
1120 2884 1234 2955 epi·
1324 2884 1487 2956 pinus
1509 2884 1786 2939 silvestris.
1814 2883 1997 2939 Hsnn.

198 2982 443 3035 gramma
472 2982 501 3015 a
534 2963 692 3016 nobis
725 2964 950 3017 relatum
976 2964 1071 3018 lib.
1094 2965 1236 3029 XV,

196 3064 312 3115 oep.
351 3043 385 3097 5
402 3080 421 3109 ,
454 3042 549 3095 uhi
568 3043 709 3096 inter
732 3042 1235 3115 Olympionicarum

198 3142 429 3181 coronas
450 3122 596 3185 πίτυς
616 3137 947 3189 numeratur,
970 3125 1237 3178 Ausonius

200 3204 267 3257 ita
308 3200 555 3256 reddidit
580 3202 637 3255 in
662 3203 949 3275 Eclogario
980 3223 993 3255 τ
1032 3230 1055 3252 ιι
1091 3204 1236 3270 Qua·

196 3298 324 3337 tuor
380 3282 629 3355 antiquos
689 3284 982 3337 celebravit
1042 3284 1240 3339 Achaia

198 3362 361 3417 ludos
389 3381 403 3415 :
440 3363 590 3416 Serta
607 3362 803 3435 quibus
825 3364 983 3435 pinus
1000 3404 1017 3431 ,
1040 3365 1233 3427 malus.

197 3444 378 3507 oliva,
406 3440 609 3513 apium.
632 3468 656 3490 ι
688 3442 759 3497 Η.
796 3476 877 3486 —
910 3445 1060 3497 Pinus
1089 3448 1237 3514 pineo

196 3518 441 3585 (Monac.
476 3522 704 3595 quemad.
730 3541 848 3594 gen.
880 3524 1059 3587 2130,
1088 3524 1236 3580 Pers.

202 3602 433 3665 Conq'fer.
462 3600 641 3665 Juss.).
672 3602 776 3655 En.

278 3704 336 3737 τι.
358 3683 437 3735 Ee
458 3681 673 3735 nucibus.
696 3682 1010 3749 Interdum,
1026 3684 1236 3756 inquit,

199 3762 301 3818 fert
322 3761 560 3815 resinam
577 3762 631 3814 in
647 3762 779 3831 ipsis
796 3763 1024 3818 nucibus
1037 3765 1237 3836 pineis,

198 3840 264 3896 de
314 3842 519 3915 quibus
577 3839 783 3896 dictum
837 3857 915 3898 est
962 3844 1057 3899 lib.
1088 3846 1197 3898 XV
1215 3886 1233 3912 ,

200 3942 319 3995 cap.
356 3940 429 3991 93
454 3921 548 3975 sed
574 3940 691 3977 eam
725 3923 945 3997 quidem
970 3922 1105 3978 adeo
1132 3926 1239 3979 exi-

200 4022 393 4073 guam,
446 4014 506 4054 ut
538 4003 935 4057 resiniferarum
982 4006 1239 4058 arborum

204 4083 389 4153 generi
420 4083 509 4135 vix
541 4082 700 4153 pinus
739 4082 1087 4138 adscribatur.
1117 4084 1182 4138 H.

1409 2963 1462 3018 3.
1483 2964 1815 3036 Quodc'cemus
1828 2966 1988 3018 modo.
2016 2966 2150 3038 Cap.
2182 2964 2352 3021 23.H.

1409 3052 1462 3109 4.
1480 3046 1697 3099 Tibulos.
1722 3046 1840 3099 MS.
1857 3046 2088 3100 stabulos.
2110 3044 2353 3099 Hermol-

1323 3126 1585 3179 stmbulos.
1617 3126 1722 3179 En.
1752 3157 1830 3169 —-
1849 3126 1987 3195 Quos
2029 3126 2219 3179 tibulos.
2252 3124 2355 3180 Ha-

1322 3224 1443 3258 rum
1474 3206 1686 3259 iconem
1711 3204 2083 3277 Dalecampius
2108 3206 2322 3259 exhibet
2337 3243 2350 3263 2

1324 3285 1421 3337 lib.
1457 3287 1485 3338 1
1500 3324 1516 3353 ,
1541 3303 1665 3357 pag.
1698 3290 1792 3355 47.
1824 3284 1954 3337 Mox
1979 3288 2312 3338 ενι-οἰκειῶται
2330 3324 2350 3349 ,

1324 3366 1491 3436 magis
1515 3375 1818 3435 compactas
1848 3364 2190 3435 interpretor.
2221 3366 2292 3417 Η.

1411 3446 1463 3499 5.
1499 3444 1885 3497 Liburnicarum.
1918 3443 2106 3499 Genus
2132 3434 2210 3497 es‘t
2245 3445 2356 3498 bel-

1326 3523 1441 3577 lico
1466 3524 1617 3577 navis
1643 3523 2009 3587 velocissimo,
2041 3544 2072 3577 a
2098 3524 2355 3578 Liburnis

1325 3604 1532 3677 Illyrici
1571 3604 1788 3677 populis
1825 3602 2197 3657 conditoribus
2220 3623 2355 3657 nun·

1323 3699 1533 3757 cupata.
1559 3685 1657 3738 His
1695 3682 1961 3739 struendis
1997 3684 2231 3755 pinaster
2274 3702 2355 3737 ar-

1322 3767 1421 3820 bos
1447 3765 1655 3820 idonea.
1676 3764 1864 3819 Hann.

1404 3847 1618 3899 XVIII.
1676 3863 1724 3898 1.
1780 3846 1950 3898 Piceo.
2001 3842 2128 3897 Haec
2177 3842 2356 3897 Theo-

1326 3926 1606 3999 pbr-nitu<
1625 3966 1642 3991 ,
1663 3924 1779 3978 aliis
1810 3928 1965 3981 πεύκη
1985 3964 2000 3989 ,
2017 3944 2154 3995 pesse
2167 3921 2354 3977 Gallis.

1328 4006 1700 4078 Pityocampas
1731 3995 1952 4075 (eruca
1987 4022 2153 4076 genus
2191 4014 2269 4055 est
2299 3992 2358 4071 ),

1331 4086 1388 4139 in
1420 4087 1570 4157 picea
1595 4084 1830 4153 Plinius,
1857 4084 1953 4139 lib.
1979 4084 2164 4137 XXIX
2180 4120 2198 4147 ,
2241 4100 2361 4153 cap.
