2984 5009
674 435 831 518 424
1206 433 1288 500 C.
1344 432 1693 502 PLINII
1731 427 1968 502 'Nux
2026 433 2285 502 HIST.

676 566 1255 662 deprehensasque
1268 549 1319 594 ⁸⁵
1369 565 1440 635 in
1482 565 1705 636 hieme
1743 590 2040 662 grossos,
2083 590 2232 660 quae
2287 553 2618 636 mitiore³⁸
2659 567 2796 638 caelo

677 673 947 744 refossae
996 697 1152 743 cum
1206 673 1482 758 arbore,
1555 688 1758 769 atque
1825 675 1900 742 in
1954 672 2174 743 lucem
2221 674 2512 744 remissa
2531 727 2554 762 ‚
2612 700 2797 746 novos

676 777 887 868 soleti,
932 778 1271 874 aliosque,
1320 804 1524 874 quam
1579 781 1822 876 quihus
1879 781 2144 867 vixere,
2197 777 2434 869 avide,
2489 795 2796 877 tamquam

676 889 919 956 iterum
960 901 1183 974 natae3
1216 888 1600 982 accipiunt.
1645 901 1716 957 et
1753 913 1910 958 cum
1948 889 2358 980 venientium
2397 889 2564 958 flore
2599 905 2796 958 matu-

676 1009 951 1064 rescunt
965 979 1041 1080 ³⁷,
1072 992 1291 1064 alieno
1330 1019 1666 1090 praeooces
1687 1020 1902 1083 anuo,
1935 996 2004 1064 in
2039 1008 2256 1066 tractu
2277 994 2384 1065 vel
2405 995 2794 1091 gelidissimo.

782 1103 940 1171 XX.
980 1100 1115 1170 Sed
1149 1125 1191 1170 a
1226 1102 1485 1172 Catone
1519 1101 1906 1198 appellata
1883 1125 2020 1196 Jam
2049 1116 2194 1172 tum
2224 1102 2571 1192 Africana,
2597 1101 2798 1172 admo-
2869 1133 2876 1144 ·

677 1223 795 1280 net
842 1223 913 1278 et
961 1207 1205 1278 Africa
1224 1261 1245 1295 ‚
1299 1208 1384 1279 ad
1447 1210 1682 1304 ingens
1736 1210 2216 1280 documentum
2271 1234 2394 1279 uso
2459 1235 2544 1280 eo
2603 1235 2797 1305 pomo.

676 1315 989 1410 Namque
1014 1315 1355 1410 perniciali
1380 1316 1540 1386 odio
1569 1317 1998 1412 Carthaginis
2015 1315 2316 1411 flagi-ans
2335 1369 2356 1403 ,
2375 1330 2800 1412 nepotumque

676 1423 1051 1494 securitatis
1084 1423 1321 1502 anxius
1340 1477 1365 1512 „
1390 1447 1596 1518 quum
1627 1421 1950 1494 clamaret
1979 1424 2162 1493 omni
2197 1437 2434 1494 senatu
2473 1424 2798 1518 Carthagi-

556 1612 562 1617 *
676 1553 832 1607 nem
870 1527 1223 1606 delendam
1240 1528 1285 1614 ²,
1326 1529 1550 1601 attulit
1579 1531 1872 1626 quodam
1917 1529 2024 1600 die
2050 1532 2120 1599 in
2161 1532 2420 1600 curiam
2458 1555 2796 1625 praecocem

675 1661 759 1710 ex
785 1661 865 1705 ea
892 1637 1239 1758 provincia
1263 1637 1500 1706 ficum:
1518 1638 2008 1732 ostendensque
2021 1637 2364 1724 Patribus;
2393 1665 2432 1702 <x
2450 1633 2798 1733 Interrogo²

674 1767 834 1830 vos,
888 1745 1134 1874 inquit,
1186 1743 1459 1838 quando
1492 1745 1688 1817 hanc
1741 1769 2022 1840 pomum
2073 1743 2418 1838 demptam
2457 1746 2696 1839 putetis
2735 1767 2802 1812 ex

676 1835 950 1926 arbore³
974 1849 1055 1918 1¹»
1105 1852 1337 1941 Quum
1376 1852 1554 1921 inter
1587 1877 1822 1922 omnes
1870 1865 2208 1926 recentem
2253 1875 2395 1920 esse
2453 1863 2797 1920 constaret:

759 2006 854 2061 35.
887 2007 1325 2081 Deprehensasque.
1365 2007 1435 2060 Et
1469 2026 1602 2080 quas
1649 2007 1709 2062 in
1798 2008 2007 2081 quoties
2037 2007 2386 2062 convenirent
2435 2007 2656 2072 Patres,
2679 2005 2738 2060 de
2755 2023 2802 2060 re

672 2089 867 2142 arbore
893 2085 1186 2161 pendentes
1207 2103 1435 2160 grossos,
1477 2088 1584 2141 hoc
1605 2100 1711 2155 est,
1801 2089 1980 2160 aliqua
2009 2085 2360 2140 deliberaturi
2384 2105 2400 2142 ε
2436 2086 2504 2140 ad
2549 2105 2689 2142 suam
2712 2103 2803 2140 sm·

674 2167 877 2222 virides
906 2168 1084 2223 adhuc
1125 2186 1227 2221 nec
1276 2181 1509 2222 maturas
1536 2165 1670 2222 fieus
1690 2208 1707 2234 ,
1798 2167 2018 2222 tentiam
2037 2185 2249 2239 semper
2269 2165 2328 2220 id
2353 2166 2640 2240 adjiciebat
2663 2168 2800 2226 cato.

673 2249 847 2304 hiems
874 2247 1250 2321 deprehendit.
1284 2249 1469 2301 Halm.
1799 2247 2082 2302 delendam
2101 2247 2498 2319 Carthaginem.
2524 2250 2604 2302 Ita
2623 2249 2806 2308 Florus,

758 2329 855 2383 36.
880 2327 1705 2399 Quoemitiore.Vereineunte.H.
1798 2329 1894 2382 lib.
1945 2329 2036 2392 11,
2063 2346 2180 2400 cap.
2217 2327 2285 2382 15
2312 2367 2329 2394 ,
2367 2347 2423 2399 p.
2469 2331 2568 2392 84.
2593 2329 2728 2382 Plut.
2761 2327 2806 2378 in

758 2411 853 2481 37.
886 2411 961 2462 Et
991 2429 1097 2463 cum
1129 2412 1422 2462 venientium
1434 2410 1571 2484 flore
1613 2427 1714 2460 ma·
1803 2410 1924 2463 Cat.
1953 2409 2088 2481 Maj.
2114 2425 2233 2480 pag.
2269 2409 2376 2462 352
2399 2425 2414 2460 ε
2441 2431 2466 2454 e
2487 2409 2806 2477 Quacumque

677 2502 936 2544 tur-escunt.
961 2491 1107 2562 Lego
1134 2501 1320 2543 contra
1337 2490 1520 2542 omnia
1539 2505 1716 2542 exem·
1801 2486 1871 2543 de
1915 2505 1978 2542 re
2027 2489 2344 2542 sententiam
2385 2503 2660 2562 rogaretur
2677 2526 2694 2555 ,
2745 2504 2808 2539 xe-

674 2571 847 2642 plaria
870 2589 983 2624 non
1010 2573 1301 2623 venientium
1318 2609 1334 2634 ,
1376 2567 1471 2623 sed
1508 2585 1717 2621 veman-
1802 2567 2128 2641 spondebat,
2149 2569 2266 2622 Hoc
2287 2587 2480 2623 censeo
2498 2609 2515 2634 ,
2549 2583 2602 2622 et
2623 2567 2810 2624 cartha·

678 2655 814 2705 rimu.
860 2651 1117 2704 Pm‘r.—
1136 2651 1211 2702 Ee
1257 2669 1363 2702 cum
1400 2653 1712 2704 venientium.
1804 2650 1984 2722 ginem
2011 2661 2267 2721 proterea
2294 2648 2662 2703 excidendam.
2693 2647 2808 2702 Δοκεῖ

674 2732 757 2785 Ex
789 2751 900 2804 quo
920 2743 1167 2802 tempore
1190 2728 1405 2783 alterius
1429 2729 1556 2781 anni
1583 2728 1716 2781 fleus
1801 2725 1868 2782 δέ
1909 2749 1992 2800 μοι
2011 2768 2028 2794 ,
2067 2731 2153 2783 καὶ
2201 2725 2512 2800 Καρχηδόνα
2559 2731 2628 2802 μὴ
2687 2722 2803 2782 nivei.

680 2812 770 2865 vix
820 2811 1013 2864 florem
1063 2828 1129 2864 ex
1180 2811 1375 2864 arbore
1422 2822 1675 2863 exserunt
1695 2847 1710 2871 ‚
1805 2811 2010 2864 Contra
2035 2810 2095 2862 P.
2125 2809 2308 2882 Scipio
2333 2811 2522 2864 Nasica
2543 2828 2561 2865 ε
2593 2812 2724 2863 Δοκεῖ
2743 2827 2810 2880 μοι

677 2891 805 2963 ipso
846 2901 1209 2945 maturescunt
1226 2926 1244 2956 ,
1312 2889 1487 2942 alieno
1533 2907 1674 2941 anno
1699 2906 1714 2941 t
1809 2885 2117 2962 Καρχηδόνα
2163 2884 2302 2942 tim.
2345 2890 2489 2943 Vide
2517 2891 2724 2944 Livium
2763 2887 2807 2940 iu

678 2971 758 3025 sie
805 2987 881 3024 en
906 2988 1175 3041 praecoces
1206 2969 1371 3040 vulgo
1399 2967 1714 3034 creduntur,
1805 2970 1952 3042 Epit.
1980 2969 2079 3023 lib.
2107 2970 2308 3022 XLIX.
2331 2970 2517 3024 Ham).

678 3051 933 3124 quoniam
989 3052 1195 3121 justum
1250 3051 1719 3104 maturescentium
1892 3070 1942 3103 α.
1983 3051 2254 3120 Interrogo.
2297 3050 2428 3104 Haee
2457 3050 2644 3105 iisdem
2671 3049 2808 3103 ferme

678 3145 895 3202 tempus
910 3142 1266 3185 antevertant.
1290 3127 1477 3183 uun.
1803 3131 1986 3184 verbis
2012 3129 2290 3183 Plutarch.
2307 3129 2344 3182 l.
2369 3151 2416 3185 e.
2440 3143 2638 3185 narrat.
2653 3128 2812 3200 Anigit

760 3213 883 3267 XX.
896 3231 920 3266 1
934 3252 948 3266 .
975 3213 1136 3281 Quum
1152 3211 1389 3264 clamaret
1405 3212 1538 3262 omni
1550 3221 1720 3262 senatu
1807 3210 2126 3264 Tei-tullian.
2147 3209 2218 3264 ad
2245 3209 2460 3265 Nation.
2488 3211 2587 3265 lib.
2611 3211 2692 3277 11,
2713 3227 2806 3280 eap-

684 3291 1033 3364 Carthaginem
1068 3291 1336 3344 delendam.
1380 3291 1720 3344 Reclamante
1815 3295 1888 3346 16
1915 3308 1930 3344 :
1953 3313 1977 3334 κ
2004 3291 2193 3344 Ficum
2217 3289 2445 3344 viridem
2477 3293 2657 3345 Roma.-
2675 3305 2808 3342 nemo

680 3373 933 3446 Scipione
961 3373 1182 3438 Nasica,
1224 3391 1293 3426 ne
1326 3371 1477 3424 urbis
1515 3369 1720 3424 oemuloe
1808 3382 2050 3425 noverat.
2198 3370 2386 3423 Ficum
2439 3373 2576 3426 Cato
2621 3364 2807 3425 Senatui

677 3455 888 3510 sublato
907 3466 1087 3518 metu,
1120 3451 1343 3506 felicitas
1373 3469 1593 3504 romana
1635 3451 1720 3502 lu·
1810 3451 2017 3518 intulit,
2041 3463 2101 3504 ut
2120 3469 2229 3522 quo
2247 3453 2359 3522 jam
2379 3451 2660 3506 Provincia
2677 3446 2808 3501 hosti·

680 3534 985 3589 xuriaretur
1013 3554 1027 3586 τ
1053 3553 1159 3606 qua
1214 3531 1424 3587 ratione
1477 3529 1722 3584 Lacedae·
1809 3530 1875 3584 lis
1897 3543 2065 3597 esset,
2092 3531 2180 3584 cui
2199 3531 2318 3584 sub.
2344 3571 2358 3584 .
2378 3572 2392 3585 .
2413 3572 2428 3585 .
2449 3549 2656 3604 semper
2673 3531 2805 3583 insta·

679 3615 991 3669 moniorum
1010 3611 1216 3685 oppido
1238 3611 1422 3666 diruto
1454 3613 1723 3684 ingemue-
1809 3611 1932 3680 bat,
1957 3611 2300 3684 exprimeret.
2330 3637 2353 3660 ι-
2387 3611 2571 3666 Hui).

678 3707 841 3759 runt,
863 3693 1116 3756 dicentes,
1130 3696 1347 3762 οἴχεσθαι
1377 3695 1435 3746 τὸ
1450 3691 1722 3762 πάλαισμα
1893 3691 1946 3744 3.
1982 3691 2194 3762 Quando
2230 3692 2319 3743 hoc
2355 3711 2552 3762 pomum
2597 3691 2802 3760 dempum

681 3781 779 3830 τῶν
792 3777 912 3828 νέων
925 3813 942 3840 ,
960 3786 1014 3828 et
1030 3787 1249 3845 captum
1267 3771 1534 3844 oppidum
1551 3772 1720 3825 everti
1803 3775 1984 3844 putetis
2005 3791 2066 3822 ex
2087 3771 2273 3824 arbore.
2321 3772 2625 3844 Utrumque
2655 3783 2802 3822 exem·

679 3873 709 3906 a
746 3873 870 3927 rege
892 3853 1212 3916 noluerunt,
1249 3871 1319 3906 ne
1362 3853 1644 3905 tolleretur
1683 3853 1716 3908 ἡ
1809 3851 1950 3924 piar,
1989 3878 2011 3899 ι
2048 3849 2266 3923 quando
2291 3851 2431 3905 hanc
2447 3869 2660 3923 pomum
2681 3846 2800 3900 dem-

680 3942 777 3988 τῶν
811 3937 933 3989 νέων
964 3934 1133 3992 ἀκόνη.
1163 3932 1343 3986 Rhod.
1368 3933 1462 3986 lib.
1480 3933 1717 3990 xxvn.
1807 3943 1957 4004 ptam
1982 3932 2182 4003 putatis
2209 3949 2272 3984 ex
2293 3935 2514 3985 arbore:
2538 3957 2561 3979 ι
2591 3943 2642 3984 et
2664 3924 2797 4000 paulo

680 4034 799 4086 cap.
832 4035 882 4069 ι.
936 4016 1144 4068 Dante.
1178 4045 1258 4056 —-
1318 4013 1472 4068 Omne·
1530 4023 1718 4066 senatu.
1808 4025 1930 4082 post
1963 4013 2236 4083 decerptam
2268 4011 2326 4064 in
2373 4010 2571 4066 eisdem
2603 4008 2794 4080 legitur.

679 4094 794 4162 Hoc
840 4108 916 4155 est
932 4133 950 4163 ,
989 4093 1141 4148 omni
1174 4106 1385 4148 senatun
1428 4111 1678 4148 consessu
1699 4126 1716 4158 ,
1808 4111 1918 4146 non
1961 4093 2232 4166 decerptum
2249 4112 2271 4155 ‚·
2327 4090 2476 4163 quod
2521 4101 2598 4146 est
2639 4097 2790 4142 notatu
