2984 5009
694 399 841 496 39²

1243 403 1320 470 C.
1365 403 1692 474 PLINII
1747 404 1954 474 NAT.
2009 405 2262 473 HIST.

693 548 761 603 et
804 535 1021 603 urtica
1030 531 1103 619 ²⁷,
1138 534 1319 628 quod
1356 536 1712 606 cnedinum
1751 536 2102 633 appellant.
2149 539 2209 606 E
2251 531 2388 604 lilio
2438 550 2508 605 et
2559 533 2702 604 alibi
2735 534 2802 604 fit

620 647 654 697 6
690 641 815 709 sub
836 640 982 727 dio,
1012 638 1195 727 Sole,
1222 644 1450 727 Luna,
1480 646 1718 738 pruina
1746 658 2170 714 maceratum.
2207 643 2356 712 Suis
2389 641 2612 710 herbis
2639 667 2800 710 com·

688 762 951 841 ponunt
974 749 1145 820 inter
1160 748 1654 843 Cappadociam
1687 766 1755 822 et
1771 751 2138 834 Galatiam,
2165 749 2346 844 quod
2375 733 2800 843 Selgiticum'⁸

692 867 967 938 vocant,
1008 855 1229 924 nervis
1276 855 1638 925 admodum
1680 856 1886 926 utile:
1909 859 2098 926 ·sicut
2130 857 2201 925 in
2243 853 2434 926 Italia
2472 852 2800 950 Iguvini'ffi

684 961 744 1028 E
782 961 927 1053 pice
962 959 1069 1046 fit,
1134 960 1313 1054 quod
1351 949 1714 1084 pissinum³
1719 961 2156 1059 ‘’appellant,
2193 947 2428 1058 (Ῑιιιιιιι3
2435 961 2801 1055 'coquituin

684 1063 1037 1136 velleribus
1054 1091 1257 1162 supra
1278 1068 1556 1138 halitum
1588 1069 1732 1163 ejus
1751 1071 2094 1165 expansis,
2111 1085 2312 1164 atque
2341 1071 2434 1138 ita
2461 1068 2797 1163 expressis:

680 1172 1039 1268 probatum
1078 1175 1363 1243 maxime
1390 1200 1429 1244 e
1478 1179 1758 1246 Brutia.

1797 1191 1896 1247 est
1935 1178 2110 1246 enim
2149 1176 2578 1271 pinguissima
2615 1189 2682 1244 et
2711 1198 2800 1241 re·

690 1280 1107 1350 sinosissima.
1156 1279 1362 1351 Color
1396 1281 1548 1352 oleo
1587 1282 1828 1353 fulvus.
1883 1285 2134 1378 Sponte
2177 1283 2474 1352 nascitur
2515 1283 2583 1349 in
2623 1281 2802 1374 Syriae

690 1387 1039 1456 maritimis
1057 1370 1133 1472 ³²,
1174 1387 1354 1481 quod
1392 1387 1712 1459 elaeomeli
1754 1404 2016 1460 vocant.
2071 1391 2308 1458 Manat
2354 1413 2436 1457 ex
2479 1386 2802 1456 arboribus

681 1641 921 1696 numque
974 1625 1268 1698 oblongum
1304 1665 1320 1691 ,
1368 1627 1658 1682 candidum
1695 1669 1711 1693 .,

684 1705 887 1758 cortice
927 1702 1223 1776 deglubunt
1270 1707 1325 1758 in
1358 1709 1513 1778 pilis,
1540 1710 1708 1770 milii,

684 1794 740 1836 et
761 1784 936 1855 panici
965 1785 1127 1837 modo
1146 1827 1161 1850 ‚
1194 1805 1254 1839 ac
1293 1805 1415 1838 cum
1460 1789 1713 1840 carnibus

685 1876 955 1934 coquunt,
994 1883 1103 1916 non
1148 1867 1326 1919 minus
1362 1869 1506 1920 suavi
1552 1881 1713 1940 gustu

686 1960 847 2013 quam
905 1963 1101 2014 oryzae.
1158 1943 1302 1998 Vide
1368 1945 1712 2000 Matthiolum

687 2024 1073 2077 commentario
1103 2025 1161 2077 in
1189 2039 1353 2096 caput
1384 2026 1714 2080 Dioscoridis

688 2100 757 2155 de
784 2119 1058 2176 coronopo
1098 2117 1153 2156 et
1190 2103 1261 2158 de
1287 2107 1548 2175 gramine.
1577 2109 1712 2160 Du..

688 2211 771 2222 --·
814 2181 1099 2236 chortinon.
1138 2185 1237 2238 Est
1268 2184 1467 2238 Grecis
1495 2203 1712 2256 gramen

691 2263 885 2330 χόρτος.
915 2259 1100 2316 Ham).

772 2360 865 2411 27.
899 2343 1019 2394 Item
1059 2363 1243 2396 sesama
1276 2355 1324 2396 et
1352 2348 1508 2398 urtica
1524 2382 1542 2408 ,
1586 2345 1720 2416 quod

691 2424 933 2473 cnecinum
949 2423 1213 2492 appellant.
1236 2423 1374 2494 Lege
1388 2460 1401 2478 .
1426 2451 1448 2470 α
1467 2425 1607 2477 Item
1635 2443 1713 2478 se-

692 2519 836 2554 sama
859 2513 913 2554 et
944 2503 1096 2555 cnico
1114 2541 1130 2566 ,
1154 2501 1300 2572 quod
1327 2504 1599 2556 onicinum
1623 2522 1718 2574 ap·-

690 2580 893 2649 pellant
914 2607 935 2628 ι
959 2620 975 2646 ,
1008 2599 1071 2634 ex
1121 2580 1462 2647 Dioscoride,
1503 2583 1597 2636 lib.
1643 2585 1674 2635 I
1697 2621 1712 2646 ,

691 2678 807 2731 cap.
840 2659 911 2714 35
938 2678 951 2712 :
978 2677 1103 2712 nam
1131 2679 1193 2712 ex
1228 2662 1393 2714 urtica
1420 2661 1598 2714 oleum
1625 2663 1716 2716 fle-

692 2738 772 2804 ri,
821 2758 923 2792 nec
972 2739 1305 2793 Dioscorides
1328 2779 1345 2804 ,
1390 2758 1491 2792 nec
1531 2740 1671 2793 ullus
1697 2777 1714 2802 ,

694 2818 846 2888 quod
872 2820 1065 2878 sciam,
1115 2830 1299 2872 auctor
1332 2818 1510 2872 tradit.
1555 2821 1715 2873 Purr.

695 2927 773 2938 -—
812 2897 962 2966 Quod
998 2897 1270 2950 medinam.
1302 2901 1367 2950 In
1394 2899 1553 2952 MSS.
1584 2902 1715 2970 Reg.

702 2995 724 3029 1
755 3017 771 3040 ,
816 2989 919 3030 etc.
970 2979 1239 3030 werinum..
1278 2979 1343 3030 In
1374 2977 1531 3031 editis
1577 2981 1719 3032 male

694 3059 954 3112 cnecinum.
978 3052 1153 3114 Kwicln
1174 3058 1374 3110 Groecis
1392 3059 1615 3113 urticam
1635 3078 1719 3110 so-

692 3149 813 3202 nat,
842 3138 953 3192 sive
978 3133 1141 3193 κνίὸη.
1175 3137 1345 3209 Hujus
1364 3139 1468 3190 olei
1493 3157 1558 3202 ex
1586 3139 1721 3191 urti-

693 3236 753 3269 ca
788 3226 991 3278 mentio
1030 3235 1239 3272 rursum
1278 3219 1371 3272 lib.
1396 3219 1582 3283 xxll,
1603 3237 1720 3288 cap.

702 3315 723 3350 1
740 3296 790 3350 5.
824 3295 1009 3350 Ηιιιι).

778 3379 869 3431 28.
895 3377 1194 3448 Selgiticum.
1227 3380 1274 3428 A
1303 3377 1457 3448 Selge
1478 3417 1493 3442 ,
1511 3378 1723 3431 Pisidiae

694 3456 901 3528 oppido
931 3455 1356 3522 mediterraneo,
1388 3461 1540 3528 cujus
1561 3459 1722 3527 Poly-

692 3537 815 3590 bius
834 3577 851 3602 ,
902 3537 1251 3600 Ptolemoeus‚
1310 3555 1372 3589 ac
1421 3537 1722 3607 Stephanus

692 3619 1003 3670 meminere.
1049 3619 1113 3669 In
1163 3617 1345 3668 Severi
1398 3618 1666 3680 nummis,
1692 3637 1722 3670 e

689 3695 920 3749 Cimelio
942 3697 1123 3768 regio,
1156 3698 1493 3750 (ΣΕΔΓΕΩΝ.
1541 3693 1720 3748 Ham).

776 3795 863 3844 ²9·
898 3777 1106 3844 Iguvini.
1140 3777 1222 3828 De
1252 3777 1333 3828 his
1374 3776 1470 3829 lib.
1517 3778 1637 3840 111,
1667 3794 1714 3828 c.

695 3873 748 3923 9.
784 3855 940 3907 Prius
960 3856 1264 3926 legebatur,
1304 3881 1327 3902 ι
1350 3857 1493 3908 sicut
1519 3858 1575 3908 in
1611 3857 1718 3908 Ita·

688 3935 759 3988 lia
790 3954 818 3988 e
858 3935 1083 4004 gummi.
1112 3961 1133 3980 υ
1192 3937 1257 3988 Iu
1294 3935 1447 3988 MSS.
1472 3937 1717 4005 Eguoini,

688 4015 779 4086 qui
807 4015 1010 4072 scilicet
1034 4027 1085 4067 et
1116 4015 1327 4085 Iguvini
1354 4015 1638 4088 appellati,
1659 4029 1717 4068 ut

1168 4905 1471 4936 raum-,qk—
1588 4917 1597 4940 ,Ι
1664 4916 1675 4928 ,

1801 1630 2107 1682 monuimus
2153 1629 2246 1682 lib.
2295 1627 2410 1689 111,
2472 1645 2600 1702 cap..
2625 1643 2709 1694 ¹9·
2737 1624 2802 1675 Ita

1797 1729 1964 1781 porro
1983 1709 2250 1780 scripsisse
2271 1707 2527 1771 Plinium,
2545 1706 2620 1758 uti
2645 1722 2802 1756 emen·

1800 1787 2076 1850 davimus,
2141 1789 2256 1858 ipse
2303 1786 2466 1839 fidem
2513 1785 2635 1838 facit
2658 1825 2673 1850 ,
2720 1784 2798 1834 lib.

1801 1867 2024 1933 xxm,
2051 1886 2170 1939 cap.
2207 1875 2316 1936 49,
2366 1867 2462 1918 ubi
2500 1865 2609 1918 hoec
2643 1861 2800 1916 eadem

1801 1966 2119 2000 enumerans
2176 1947 2280 2000 olei
2313 1964 2508 2016 genera
2525 1983 2542 2006 ,
2580 1942 2803 2014 ·Selgiti-

1801 2046 1924 2080 cum
1944 2067 1960 2093 ‚
1985 2027 2193 2098 inquit,
2211 2026 2390 2080 nervis
2413 2025 2542 2078 utile
2561 2041 2674 2076 esse
2687 2021 2802 2076 dixi·

1801 2125 1954 2159 mus:
1976 2120 2039 2159 ut
2059 2106 2380 2158 herbaceum
2420 2121 2633 2176 quoque
2651 2098 2802 2174 equod

1801 2185 2018 2256 Iguvini
2036 2186 2176 2238 circa
2203 2184 2520 2236 Flaminiam
2539 2183 2676 2235 viam
2696 2199 2796 2234 ven·

1803 2259 1997 2318 dunta’·
2033 2265 2114 2316 Ex
2149 2276 2299 2318 certo
2333 2263 2618 2316 herbarum
2668 2261 2801 2331 igitur

1803 2363 1864 2398 ac
1878 2343 2136 2414 peculiari
2157 2361 2351 2415 genere
2373 2341 2625 2414 quodam,
2649 2342 2799 2393 oleum

1801 2423 1860 2478 id
1879 2463 1894 2485 ,
1921 2443 2034 2476 non
2054 2443 2084 2476 e
2125 2423 2360 2491 gummi,
2385 2421 2716 2492 exprimitur.
2743 2419 2797 2472 Η.

1887 2503 1974 2556 3ο.
2010 2503 2160 2572 Quod
2183 2505 2431 2572 pissinum.
2461 2504 2508 2552 A
2537 2518 2665 2554 voce
2685 2515 2798 2571 ὅτε»

1803 2599 1864 2634 ca
1887 2583 2100 2644 πίσσα,
2150 2599 2268 2653 quoe
2309 2582 2488 2651 picem
2531 2593 2694 2634 sonat.
2729 2577 2800 2630 Sic

1803 2661 1956 2714 MSS.
2008 2681 2191 2715 omnes
2209 2701 2224 2724 ,
2273 2679 2384 2712 ιιοιι
2437 2663 2660 2728 picium.
2706 2657 2798 2710 Hoc

1808 2741 2126 2794 Scribonius
2149 2742 2354 2810 Largus
2391 2743 2518 2810 picis
2532 2741 2700 2810 floren
2725 2754 2798 2788 vo-

1806 2834 1920 2885 cat,
1951 2821 2202 2891 Compos.
2241 2827 2310 2882 cio
2336 2832 2348 2866 τ
2377 2842 2398 2863 α
2417 2819 2556 2872 Picis
2581 2818 2702 2881 flos,
2738 2817 2801 2868 in-

1805 2901 1955 2970 quit,
1985 2899 2136 2972 qnod
2161 2902 2446 2952 πισσὲλαιον
2485 2899 2751 2970 appellant.
2775 2919 2792 2940 ι

1806 2979 1878 3032 Et
1901 2999 2024 3034 mox
2050 2998 2064 3032 ε
2091 3003 2112 3024 ει
2133 2979 2346 3032 Florem
2374 2978 2508 3049 picis
2529 2991 2694 3032 autem
2721 2993 2798 3042 ap·

1807 3061 1978 3132 pello,
2009 3059 2158 3130 quod
2190 3058 2460 3129 excipitur
2497 3055 2626 3110 dum
2652 3075 2706 3110 ea
2727 3072 2798 3106 co·

1809 3140 2019 3210 quitur,
2057 3138 2176 3192 lana
2217 3137 2546 3208 superposita
2587 3141 2691 3208 ejus
2727 3151 2799 3184 vn·

1809 3219 1952 3289 pori.
1977 3245 1998 3266 ι
2033 3216 2214 3272 Hnm.

1891 3299 1922 3351 3
1939 3321 1954 3350 ι
1971 3337 1982 3350 .
2035 3301 2198 3365 Quum
2235 3301 2470 3368 coquitur.
2515 3297 2608 3350 Pix
2647 3291 2799 3348 videli-

1809 3391 1914 3431 cet.
1950 3375 2132 3430 Han.

1894 3457 1924 3510 3
1937 3477 1988 3510 a.
2047 3457 2104 3510 Ia
2157 3456 2314 3529 Syrc‘oe
2367 3459 2632 3508 maritimis.
2682 3447 2796 3502 Vide

1773 3554 1780 3562 ·
1809 3537 1957 3608 quod
1971 3535 2281 3590 adnotatum
2297 3549 2376 3589 est
2399 3534 2468 3589 ad
2493 3535 2589 3588 lib·
2615 3529 2792 3588 XXIII,

1803 3617 2436 3710 ·οα.ρ.4.1).ιι,ιιο.-Ιη
2461 3615 2613 3687 Ssrioe
2641 3613 2794 3664 mariti*

1811 3700 1917 3749 mis.
1947 3697 2059 3748 Et
2043 3715 2102 3748 ιιι
2137 3695 2465 3767 Palmyrenis
2493 3689 2794 3764 quoqueSy·

1806 3777 1901 3828 riae
1951 3774 2365 3838 solitudinibus,
2403 3773 2534 3827 κατὰ
2585 3774 2795 3840 Πάλμυρα

1807 3863 1896 3918 τῆς
1929 3857 2100 3926 Συρίας
2119 3895 2136 3921 ,
2175 3855 2351 3926 inquit
2383 3850 2726 3916 DioscorideS,
2766 3845 2791 3896 Ι-

1807 3937 1872 3998 Ι,
1907 3955 2025 4005 cap.
2060 3935 2152 4004 37,
2204 3935 2298 3986 ubi
2326 3934 2618 3988 Coi-narius
2646 3931 2793 3998 legen·

1809 4013 1938 4068 dum
1963 4035 2022 4066 ex
2055 4015 2229 4068 Plinio
2255 4027 2437 4085 putat,
2463 4011 2592 4068 κατὰ
2608 4008 2647 4064 Θ’
2671 4010 2793 4074 ἁλμυ·
