2984 5009
697 442 839 515 158
1228 445 1304 513 c.
1338 382 1691 514 'PL1N11
1747 442 1956 511 ΝΑΤ.
2017 428 2297 513 Η15Τ.’
2408 438 2415 443 ·

687 576 990 646 Contra
971 600 1042 643 m
1065 576 1375 644 Oriente·
1405 600 1486 643 ex
1523 575 1624 643 his
1657 576 1844 659 vina,
1876 576 2298 669 gentiumque
2338 572 2661 667 aliquibus
2688 597 2789 667 pa-

688 668 847 753 nis³.
833 679 1165 776 ·plurimis
1188 705 1347 749 vero
1381 682 1577 750 etiam
1614 680 2115 776 quadrupedum
2130 680 2335 749 cibus.
2357 680 2792 767 Quamobrem

682 790 830 882 jure
877 787 1182 857 dicentur
1217 800 1521 855 externae.
1567 786 1767 856 Nulla
1800 802 1903 857 est
1948 790 2017 855 in
2064 783 2253 855 ltalia
2290 798 2527 880 sponte
2562 786 2793 880 genita,

689 918 814 963 nec
853 895 918 961 in
962 890 1089 961 alia
1121 908 1310 989 parte
1353 908 1713 981 terrarum,
1756 896 1881 963 nisi
1918 895 1989 961 in
2020 891 2269 962 calida:
2302 890 2621 987 frugifera
2648 914 2795 959 vero

689 1023 1046 1093 nusquam,
1073 1001 1198 1068 nisi
1235 1001 1304 1067 in
1347 999 1617 1068 fervida.

797 1107 950 1172 vll.
991 1104 1334 1199 Gignitur¹
1367 1104 1499 1174 levi
1526 1105 1958 1199 sabulosaque
1989 1120 2203 1194 terra.
2238 1102 2489 1196 majore
2518 1102 2592 1169 in
2628 1116 2796 1197 parte

691 1226 759 1281 et
797 1212 1068 1280 nitrosa.
1120 1210 1388 1281 Gaudet
1431 1226 1499 1280 et
1545 1213 1782 1306 riguis:
1826 1225 2099 1341 totoque
2137 1234 2313 1278 anno
2353 1208 2579 1279 bibere
2612 1233 2795 1302 quum

695 1318 910 1386 amet²
930 1368 950 1400 ,
995 1341 1171 1385 anno
1205 1319 1470 1387 sitienti.
1500 1320 1559 1385 A
1599 1317 1759 1386 fimo
1786 1301 2095 1411 quidem³
2126 1318 2325 1387 etiam
2360 1313 2509 1384 laedi
2544 1328 2796 1409 putant·

695 1438 762 1493 et
799 1425 1211 1517 Assyriorum
1239 1448 1391 1518 pars
1416 1422 1672 1517 aliqua,
1702 1426 1755 1492 si
1780 1448 1920 1493 non
1946 1425 2103 1492 rivis
2125 1407 2538 1491 misceatur&
2560 1424 2799 1490 Genera

695 1553 923 1597 earum
959 1527 1185 1623 plura:
1209 1544 1278 1597 et
1306 1531 1517 1623 prima
1546 1529 1850 1599 fruticem
1892 1556 2029 1599 non
2066 1528 2493 1599 excedentia:
2534 1524 2798 1596 sterilem

694 1636 908 1721 hunc,
957 1633 1160 1703 aliubi
1195 1654 1264 1703 et
1305 1638 1523 1765 ip⁵sum
1569 1636 1882 1717 fertilem,
1926 1637 2243 1729 brevique
2283 1658 2622 1703 ramorum
2658 1631 2801 1700 orbe

698 1739 1028 1811 foliosum.
1060 1727 1386 1811 Tectorii⁵
1413 1744 1630 1812 vicem
1665 1744 1774 1814 hic
1806 1742 2167 1839 parietibus
2201 1741 2583 1836 plerisque
2564 1764 2635 1808 in
2664 1736 2836 1807 locis·

784 1923 838 1977 3.
861 1924 1120 1995 Aliquibus
1161 1928 1323 1994 panis.
1361 1926 1721 1997 AEthiopibus.

702 2003 978 2076 Theophr.
1003 2004 1138 2057 nist.
1163 2003 1256 2057 lib.
1279 2006 1362 2069 H,
1385 2024 1501 2075 cap.
1532 2008 1585 2059 8.
1612 2008 1681 2059 H.

782 2084 912 2137 v11.
938 2101 987 2137 1.
1011 2082 1262 2153 Gignitur.
1282 2085 1557 2156 Theophr.
1586 2086 1721 2139 Hist.

702 2163 802 2221 lib.
823 2164 915 2229 II,
939 2182 1054 2235 cap.
1100 2166 1164 2228 8,
1197 2166 1244 2216 ἐν
1273 2170 1340 2235 γῇ
1371 2160 1638 2235 ἀμμῶὃιι,
1666 2166 1723 2217 in

701 2244 948 2297 sabulosa
961 2256 1131 2295 terra:
1153 2245 1598 2315 auctorGeopon.
1626 2246 1722 2299 lib.
1727 2302 1737 2310 ,

704 2324 776 2387 11,
805 2341 919 2394 cap.
945 2340 1000 2391 9..
1017 2324 1063 2375 iv
1087 2324 1308 2395 ἁλμυρῷ,-
1321 2324 1379 2376 in
1403 2322 1723 2394 salsuginosa

704 2403 807 2456 seri
832 2404 1002 2475 jubet.
1029 2401 1210 2455 Hanno.

791 2502 840 2535 a.
875 2481 1074 2535 Gaudet
1097 2492 1148 2532 et
1175 2484 1358 2551 riguis,
1381 2492 1572 2552 totoque
1596 2499 1725 2533 anno

707 2561 863 2615 bibere
897 2580 1038 2633 quum
1074 2572 1201 2611 amet
1243 2580 1372 2613 auno
1395 2564 1593 2614 sitienti.
1629 2562 1725 2613 Le-

705 2639 937 2713 gendum
971 2640 1200 2693 arbitror
1225 2656 1242 2692 ε
1290 2666 1314 2689 ι
1337 2640 1549 2693 Gaudet
1576 2653 1631 2693 et
1654 2640 1727 2693 ri-

707 2720 824 2792 guis
864 2731 1084 2791 totoque
1127 2738 1268 2773 anuo
1306 2720 1492 2773 bibere
1523 2737 1535 2771 :
1594 2720 1725 2791 quin

707 2800 870 2855 etiam
893 2816 1006 2851 non
1031 2798 1260 2863 sitienti,
1291 2822 1314 2847 ιι
1342 2799 1444 2852 hoc
1475 2812 1583 2862 est,
1610 2812 1663 2852 et
1680 2798 1725 2852 si

706 2896 876 2932 annus
915 2878 984 2931 sit
1022 2877 1237 2949 pluvius
1254 2915 1271 2942 ,
1314 2877 1513 2949 gaudet
1546 2891 1727 2932 tamen

705 2958 888 3029 rigari.
905 2957 1066 3012 Favet
1075 2958 1206 3011 huic
1214 2958 1529 3011 correctioni
1546 2959 1727 3011 Theo·

707 3039 989 3109 phi-astus,
1039 3037 1134 3090 lib.
1169 3040 1260 3101 ΙΙ,
1299 3056 1412 3109 cap.
1443 3040 1499 3102 8,
1527 3039 1729 3109 palmas

707 3118 940 3171 scribens
971 3118 1134 3187 magis
1162 3116 1397 3189 gaudere
1433 3118 1587 3187 aquis
1624 3136 1730 3172 sca·

709 3196 1029 3251 turientibus
1058 3216 1214 3267 quam
1237 3196 1448 3267 pluviis.
1484 3198 1728 3250 91⁸1.—

713 3278 930 3331 Gaudet.
959 3275 1248 3342 Palladius,
1267 3277 1363 3329 lib.
1388 3278 1490 3343 xl,
1510 3278 1565 3331 in
1580 3290 1730 3330 octo·

711 3357 830 3421 bri,
858 3356 940 3410 tit.
974 3373 1040 3409 ια
1063 3374 1223 3429 ,pug.
1259 3363 1381 3416 151.
1413 3355 1482 3409 de
1506 3358 1727 3427 palma:

717 3462 742 3483 a
768 3433 1230 3491 circumfodiatur
1265 3434 1472 3489 assidue
1489 3472 1505 3494 ‚
1544 3448 1608 3489 ut
1658 3435 1731 3489 ri-

709 3519 921 3587 gatione
983 3515 1241 3570 continua
1257 3536 1268 3543 ·
1303 3516 1495 3570 estatis
1554 3518 1733 3569 vineat

709 3596 944 3650 ardores.
979 3622 1000 3643 a·
1037 3596 1108 3649 H.
1149 3628 1228 3641 --
1258 3596 1408 3649 Anno
1437 3598 1635 3649 sitienti.
1648 3596 1731 3649 Ita

711 3676 866 3729 MSS.
905 3674 1138 3747 editique
1195 3676 1339 3730 libri.
1401 3676 1531 3731 Cnli
1587 3694 1733 3729 rores

711 3756 976 3807 imbresve
1015 3754 1199 3809 bibere
1236 3754 1493 3809 detrectat
1539 3757 1729 3809 arbos:

709 3835 820 3887 sols
857 3834 1113 3904 rigatione
1151 3834 1364 3906 gaudet.
1404 3836 1517 3889 Nec
1544 3836 1733 3907 palmas

711 3927 958 3967 naturam
980 3928 1199 3979 norunt,
1221 3933 1320 3968 nee
1349 3915 1508 3968 Plinii
1536 3916 1733 3988 stylum

713 3994 956 4064 sapiunt,
997 3994 1092 4065 qui
1141 3994 1246 4047 hoc
1300 3995 1418 4049 loco
1471 4000 1735 4066 reponere

644 4109 647 4112 -
713 4085 972 4143 satagunt,
997 4084 1044 4123 et
1064 4092 1160 4125 non
1181 4076 1376 4127 sitienti.
1401 4074 1470 4127 H.
1485 4076 1731 4129 -Amw

1807 1928 2004 1979 citanti.
2060 1925 2147 1978 Sic
2194 1922 2352 1977 codd.
2400 1936 2454 1977 et
2491 1922 2625 1976 editi
2664 1920 2801 1975 libri:

1809 2007 1989 2059 Palma
2014 2003 2207 2076 gaudet
2235 2004 2418 2075 riguis,
2446 2014 2664 2075 totoque
2680 2014 2803 2054 anno

1808 2098 1951 2139 amat
1974 2086 2178 2138 hibere.
2210 2084 2267 2135 Si
2303 2083 2490 2153 sitiens
2514 2096 2601 2136 est
2627 2099 2802 2143 annus,

1809 2162 2409 2235 semperestirrigandu.
2442 2188 2465 2209 ι
2500 2163 2617 2215 Nee
2643 2180 2803 2215 emen·

1810 2236 2046 2297 dandum
2065 2282 2082 2309 ,
2108 2255 2169 2296 ut
2210 2243 2417 2314 placuit
2454 2242 2507 2295 J.
2552 2241 2735 2294 Bodaeo
2760 2250 2804 2291 et

1808 2324 2054 2377 Pintiuno
2070 2360 2089 2390 ‚
2130 2327 2248 2396 quia
2294 2325 2440 2377 eciam
2478 2342 2580 2375 non
2628 2322 2805 2374 sitienti.

1809 2402 1979 2458 Bnooe,
2004 2414 2011 2423 “

1893 2482 1947 2536 3.
1972 2484 2029 2535 Α
2052 2480 2179 2552 fimo
2212 2482 2417 2552 quidem.
2458 2480 2673 2545 Scribo,
2716 2504 2739 2527 s
2764 2478 2803 2529 Α

1809 2561 1939 2614 fimo
1965 2561 2181 2633 quidam
2206 2561 2367 2615 etism
2395 2560 2520 2613 laedi
2544 2572 2749 2633 putent,
2766 2557 2803 2609 si

1810 2659 1920 2693 non
1944 2642 2075 2695 rivis
2097 2642 2375 2695 misceatur
2400 2658 2413 2693 ε
2442 2666 2463 2687 ι
2492 2652 2681 2693 cetera
2694 2638 2807 2691 fuleo

1810 2722 2007 2775 inserta
2036 2734 2177 2774 sunt.
2208 2722 2361 2774 Patet
2394 2720 2717 2791 apertissime
2750 2734 2805 2768 ex

1812 2800 2215 2871 Theophrasto,
2242 2800 2339 2854 lib.
2364 2796 2421 2851 11
2439 2838 2455 2864 ,
2472 2816 2593 2871 cap.
2610 2797 2806 2867 &cnjus

1811 2880 1927 2934 boc
1942 2881 2283 2935 verba-sunt:
2319 2906 2341 2927 ι
2367 2882 2449 2932 De
2464 2878 2598 2932 fimo
2622 2876 2805 2931 diversa

1812 2960 2069 3013 sententia
2124 2973 2203 3013 est
2236 2980 2251 3013 ε
2286 2958 2503 3031 quidam
2552 2958 2693 3011 enim
2727 2956 2806 3007 hss

1811 3038 1941 3093 fimo
1954 3038 2426 3110 delectarinegant,
2436 3036 2533 3091 sed
2546 3038 2807 3091 abhorrere

1813 3119 2034 3171 omnino
2087 3131 2353 3184 statuunt,
2392 3118 2483 3172 alii
2512 3135 2666 3170 usum
2710 3111 2807 3167 fimi

1814 3196 2116 3252 concedunt
2131 3236 2145 3265 ,
2176 3200 2671 3268 incrementumque
2708 3208 2808 3245 mn·-

1814 3272 1980 3349 gmim
2023 3296 2211 3349 cepere
2252 3298 2317 3332 eo
2356 3278 2627 3331 affirmant
2640 3312 2657 3339 ,
2700 3269 2809 3326 nivis

1812 3370 1991 3411 tamen
2048 3358 2269 3412 miscere
2340 3357 2531 3410 fimum
2586 3365 2810 3427 oportere

1812 3437 2100 3491 affirment.
2133 3462 2156 3486 ι
2187 3439 2375 3491 Pum-

1896 3524 1951 3581 4.
1992 3517 2271 3569 Miscentur.
2308 3516 2363 3572 Si
2397 3534 2508 3569 non
2538 3515 2691 3579 rivis,
2716 3511 2812 3564 sive

1814 3596 1968 3666 aquis
2004 3598 2289 3663 inlieibus,
2336 3596 2495 3651 fimus
2535 3596 2812 3653 miscentur,

1816 3673 1965 3747 quod
1994 3676 2193 3730 Rhodii
2218 3678 2401 3730 fucere.
2422 3677 2595 3730 solent
2614 3712 2632 3741 ,
2660 3668 2815 3743 inquit

1816 3756 2091 3827 Theophr.
2122 3757 2165 3813 l.
2194 3775 2242 3811 c.
2270 3757 2449 3809 Haut).

1900 3834 1955 3889 5.
1998 3838 2049 3889 T
2043 3840 2222 3889 ector-ii.
2248 3834 2385 3889 Vico
2426 3832 2715 3894 linimemi‚
2750 3828 2815 3879 in·

1820 3916 2261 3988 crustationisque
2306 3916 2569 3989 parietum
2593 3953 2610 3976 ‚
2664 3903 2812 3963 adseri

1820 3997 2063 4065 proxime
2098 3997 2153 4049 hi
2184 3997 2401 4049 frutices
2420 3995 2591 4048 solent
2604 3998 2815 4056 „contu

1820 4076 2120 4146 aspergines
2172 4076 2427 4128 imbrium
2470 4092 2485 4127 ε
2546 4068 2816 4145 parietibus
