2984 5009
1045 474 1364 543 LIBER
1413 474 1597 541 xn.
1784 444 1793 457 ’
2338 472 2381 543 5

241 630 414 676 mare
445 590 769 673 Ionium³
795 604 864 672 in
885 604 1226 675 Diomedis
1261 606 1543 675 insulam
1576 605 1871 699 ejusdem
1904 605 2137 675 tumuli
2171 608 2382 701 gratia
2452 591 2455 595 .

243 714 533 807 primum
560 714 861 798 invecta,
895 710 1096 779 inde
1079 736 1150 779 m
1180 710 1468 781 Siciliam
1497 726 1941 807 transgressa,
1980 727 2177 806 atque
2210 716 2386 783 inter

241 820 484 913 primas
519 817 771 887 donata
798 816 1039 904 Italiae,
1075 831 1142 885 et
1171 818 1308 911 jam
1342 819 1426 888 ad
1457 820 1759 887 Morinos
1794 842 2002 912 usque
2030 836 2380 915 pervecta,

247 948 314 993 ac
353 925 784 994 tributarium
827 925 1028 993 etiam
1066 923 1366 995 detinens
1401 912 1661 993 solum⁴
1667 939 1799 1055 ,eut
1832 941 2060 1019 gentes
2097 926 2383 1021 vectigal

245 1045 308 1099 et
329 1056 459 1125 pro
485 1030 734 1099 umbra
759 1014 1114 1123 pendant&
1135 1032 1497 1125 Dionysius
1524 1016 1755 1126 prior⁶‚
1772 1031 2015 1101 Siciliae
2044 1047 2387 1127 tyrannm,

247 1140 494 1231 regiam
527 1139 599 1207 in
628 1135 908 1207 urbem⁷
943 1135 1278 1207 transtulit
1305 1162 1456 1224 eaS,
1491 1137 1731 1206 domus
1766 1124 1924 1207 suae⁸
1950 1138 2344 1209 miraculum
2366 1194 2387 1225 ,

249 1294 336 1345 lib.
345 1294 419 1359 X,
427 1312 482 1347 v.
499 1294 596 1363 95.
607 1294 859 1347 Platanus
877 1293 1050 1345 fontes
1062 1306 1202 1345 amat
1221 1312 1282 1346 ac

251 1362 462 1425 flavinii:
480 1386 676 1444 sponte
695 1372 932 1426 nascitur
952 1372 1010 1425 in
1031 1372 1281 1437 Οιοὶειιῐες

251 1453 479 1506 colitur
461 1472 525 1505 m
555 1453 796 1525 Europae
829 1450 1162 1517 meridianis,
1186 1412 1282 1505 ubi

251 1533 300 1585 in
329 1551 584 1604 magnam
625 1545 681 1586 et
722 1532 982 1593 excelsam
1033 1533 1282 1586 arborem

249 1613 548 1684 frequenter
561 1611 842 1677 excrescit3
861 1611 1056 1665 etenim
1073 1629 1136 1663 ex
1149 1630 1285 1665 eras·

251 1692 314 1743 ἐς
335 1694 453 1763 ejus
493 1692 700 1745 truncis
743 1691 1011 1745 naviculas
1053 1691 1286 1764 integras

248 1774 432 1825 confici
458 1790 489 1824 a
503 1772 711 1825 Graecis
727 1812 744 1839 ,
765 1772 859 1842 qui
880 1772 1023 1825 Atho
1042 1784 1280 1825 montem

247 1852 508 1917 incolunt,
521 1865 712 1905 auctor
725 1866 803 1905 est
814 1850 1106 1904 Bellonius.
1118 1850 1284 1923 Quod

251 1932 288 1983 si
323 1931 526 1985 Bodaeo
565 1929 881 1996 credamus,
911 1931 1142 1985 hiemem
1173 1949 1284 1989 non

249 2009 374 2063 adeo
430 2011 769 2083 pertimescit
791 2030 806 2075 ;
865 2012 922 2063 in
977 2010 1282 2081 regionibus

247 2103 440 2156 nmen,
455 2092 552 2143 ubi
574 2091 810 2160 asperior
831 2092 949 2143 caeli
972 2090 1279 2160 temperies,

249 2170 314 2223 ita
340 2182 420 2223 est
454 2171 672 2242 [rigoris
699 2170 1011 2240 impatiens,
1038 2182 1099 2224 ut
1125 2188 1282 2239 paene

249 2250 498 2304 fintieosa
531 2262 778 2315 maneat,
803 2249 1041 2321 foliaque
1079 2250 1285 2303 emittat

251 2342 454 2383 tantum
511 2330 712 2382 triloba
733 2368 752 2395 ,
798 2347 1028 2400 quorum
1077 2328 1284 2381 lacinia

249 2410 422 2462 ninus
457 2409 682 2462 sinuata
705 2422 829 2461 sunt
850 2446 864 2469 ‚
893 2404 1040 2479 quod
1065 2407 1286 2477 jampri-

250 2486 369 2541 dem
397 2488 711 2542 observavit
737 2488 820 2541 Cl.
847 2484 1282 2542 Willdenowius.

251 2568 858 2633 cf.nuum21.,T1-aioe'
866 2572 948 2618 des
961 2564 1168 2629 Arbres,
1181 2576 1282 2619 etc.

253 2660 374 2701 tom.
397 2650 478 2712 11,
499 2668 622 2719 pag.
647 2666 774 2719 170.
801 2648 880 2699 De
902 2646 1052 2698 malis
1073 2646 1286 2717 platano

251 2726 548 2781 inserendis
574 2726 702 2779 vide
729 2746 848 2798 quae
875 2724 1076 2779 dicturi
1103 2743 1288 2779 sumus

251 2806 340 2860 lib.
355 2808 492 2873 XV,
520 2826 639 2878 cap.
666 2825 755 2879 17.
791 2808 894 2860 En.

328 2888 381 2941 3.
403 2888 555 2941 Mam
567 2887 775 2939 Ionium.
793 2886 1012 2939 Ionium
1029 2884 1282 2955 appellat,

255 2979 311 3020 ut
335 2966 436 3020 lib.
464 2968 584 3031 111,
611 2984 726 3037 cap.
765 2974 860 3031 14,
894 2963 1042 3037 quod
1066 2963 1282 3017 Italiam

253 3046 317 3099 ab
337 3046 544 3117 Apulia
561 3062 732 3117 usque
753 3047 809 3099 in
835 3045 1146 3115 Pachynum
1161 3083 1174 3104 ,
1201 3041 1283 3094 Si-

255 3126 386 3179 cilia
407 3126 864 3197 promontorium,
888 3122 1278 3193 circumcingit.

255 3206 333 3259 De
355 3207 468 3260 hoc
499 3204 640 3258 mari
667 3204 824 3257 Ionio
849 3204 1002 3274 Virg.
1029 3202 1278 3274 Georgic.

255 3286 342 3349 11,
381 3289 492 3339 108
526 3304 542 3337 τ
590 3285 804 3337 «Nosse
842 3294 976 3355 quot
1015 3282 1156 3334 Ionii
1189 3298 1281 3334 ve-

254 3366 401 3418 niant
440 3363 514 3417 ad
547 3364 733 3418 littora
758 3362 1016 3416 fluctus.»
1051 3360 1176 3414 Non
1215 3360 1282 3413 ab

255 3445 478 3497 Ionibus
501 3458 681 3497 tamen
707 3461 903 3496 nomen
925 3440 1105 3505 habet,
1120 3440 1280 3511 quip-

257 3542 323 3594 pe
355 3526 460 3616 qui·
491 3525 624 3577 hinc
652 3522 842 3594 procul
863 3523 1089 3583 absunt,
1115 3532 1168 3572 et
1197 3521 1278 3574 sui

257 3604 488 3656 nominis
545 3602 896 3675 penultimam
948 3598 1279 3671 producunt,

261 3672 414 3745 Ῐιπις.
445 3682 630 3736 Ham).
654 3714 737 3725 —
772 3680 1016 3733 Diomedis
1059 3680 1281 3733 insulam.

262 3764 339 3815 De
363 3760 659 3816 Diomeden
701 3759 875 3813 insula
920 3756 1016 3821 (1¹10
1047 3750 1282 3827 Tremitt’)

260 3841 366 3896 vid.
381 3862 504 3915 quat
524 3842 668 3895 dicta
689 3850 820 3894 sunt
835 3838 925 3891 lib.
939 3838 1042 3903 111,
1053 3858 1168 3909 cap.
1194 3838 1283 3891 30.

264 3922 342 3975 Cf.
355 3924 515 3976 etiam
529 3922 667 3976 Plin.
685 3920 784 3971 lib.
799 3918 870 3981 X,
885 3937 999 3989 cap.
1020 3922 1052 3970 6
1065 3936 1112 3971 1.
1137 3918 1242 3970 En.

342 4010 392 4066 4.
411 4002 506 4055 Ad
524 4002 842 4054 tributarium
867 3997 1079 4049 detinens
1113 3998 1286 4051 solum.

263 4078 686 4157 Harmenopulus
712 4097 819 4135 suo
836 4077 1023 4130 saeculo
1041 4096 1152 4131 non
1169 4088 1288 4130 tan-

1352 1306 1468 1346 tum
1497 1311 1599 1363 pro
1630 1294 1776 1357 sole,
1808 1292 1902 1346 sed
1937 1293 2094 1347 etiam
2122 1314 2223 1365 pro
2254 1297 2383 1349 caelo

1349 1386 1404 1426 et
1445 1390 1599 1436 aere,
1648 1372 1873 1443 vectigal
1924 1384 2171 1426 exactum
2222 1376 2380 1429 fuisse

1351 1451 1521 1506 tradit
1554 1472 1587 1506 a
1624 1452 1885 1506 Michaele
1913 1454 2295 1524 Paphlagone
2280 1474 2381 1507 nm-

1349 1544 1617 1605 peratore.
1647 1534 1850 1585 Daue.
1870 1565 1949 1575 -
1964 1534 2198 1585 Detinetis
2210 1534 2381 1587 solum·

1351 1613 1435 1665 Ita
1459 1612 1611 1667 MSS.
1635 1632 1745 1665 non
1760 1615 2021 1683 pertiaens.
2048 1614 2198 1667 Inter
2228 1613 2384 1668 silvas

1351 1710 1471 1745 suas
1508 1692 1711 1745 Morini
1744 1693 2058 1764 platanonas
2088 1694 2382 1757 habebant,

1349 1791 1450 1844 pro
1485 1773 1683 1843 quibus
1709 1772 1934 1842 vectigal
1961 1774 2165 1844 populo
2206 1791 2384 1825 roma-

1347 1871 1421 1904 no
1452 1848 1779 1923 pendebant.
1801 1851 2044 1905 Solarium
2074 1850 2131 1905 id
2161 1854 2385 1923 vectiga-

1350 1932 1415 1985 lis
1443 1950 1609 2002 genus
1649 1930 1930 1985 Pandectae
1973 1946 2198 1997 vocant,
2233 1931 2385 2004 quod

1348 2030 1450 2089 pro
1471 2012 1586 2064 solo
1610 2010 1880 2081 penditur.
1900 2010 2086 2065 Ηιιιι).

1435 2088 1486 2144 5.
1517 2092 1592 2142 Et
1610 2110 1705 2161 pro
1736 2090 1919 2143 umbra.
1953 2092 2063 2143 Pro
2098 2091 2383 2143 arboribus

1350 2169 1552 2241 alioqui
1580 2170 1937 2241 infrugiferis,
1977 2188 2040 2223 ac
2078 2171 2241 2224 solius
2271 2190 2388 2223 um·

1350 2250 1460 2301 brae
1488 2244 1752 2301 beneficio
1784 2246 2248 2314 commendandis,
2278 2268 2382 2321 pro

1351 2348 1457 2404 qua
1487 2329 1648 2381 etiam
1685 2327 1908 2399 vectigal
1939 2327 2173 2397 pendere
2201 2342 2385 2399 gentes

1352 2421 1686 2479 cogerentur.
1724 2409 1886 2460 Hunc
1924 2407 2104 2461 locum
2136 2407 2384 2479 Cujacius

1351 2486 1410 2539 in
1435 2482 1734 2543 Observatt.
1752 2499 2077 2557 praepostera
2115 2486 2386 2557 interpre-

1355 2566 1555 2635 tatione
1576 2566 1893 2638 corrumpit.
1922 2566 2103 2619 Hann-

1437 2649 1492 2699 6.
1519 2646 1787 2719 Dionysius
1815 2649 1972 2717 prior.
2003 2648 2121 2699 Hoc
2154 2657 2232 2698 est
2247 2678 2266 2707 ‚
2296 2665 2390 2699 an·

1353 2724 1579 2797 tiquior,
1599 2729 1623 2777 ὁ
1642 2722 1982 2796 πρισὸύτερος.
2008 2725 2136 2778 Haec
2162 2722 2387 2779 totidem

1354 2804 1466 2858 fere
1506 2805 1683 2857 verbis
1718 2804 2154 2876 Theophrastus,
2183 2805 2383 2857 Hister.

1355 2884 1528 2937 Plant.
1560 2884 1658 2938 lib.
1689 2884 1792 2949 lv,
1824 2903 1940 2955 cap.
1970 2903 2026 2955 7.
2058 2884 2239 2937 Ηυιυ.

1437 2984 1489 3035 7.
1523 2964 1727 3033 Regiam
1745 2966 1796 3015 in
1816 2964 1993 3017 urbem.
2021 2964 2103 3015 Ita
2129 2964 2268 3015 bene
2296 2982 2386 3017 co-

1353 3040 1456 3095 dex
1481 3044 1615 3115 Reg.
1644 3064 1671 3096 2
1690 3056 1743 3095 et
1760 3040 1885 3096 edit.
1908 3044 2176 3115 princeps.
2204 3043 2271 3095 In
2294 3062 2387 3117 co-

1353 3121 1471 3175 dice
1484 3124 1619 3193 Reg.
1643 3142 1665 3175 1
1688 3126 1893 3191 regium·
1910 3120 2054 3183 inde,
2075 3134 2127 3174 et
2140 3140 2205 3173 ex
2224 3140 2389 3193 prava

1352 3202 1711 3273 Theophrasti
1735 3201 1840 3268 IV,
1862 3220 1915 3272 7,
1940 3202 2386 3273 interpretatione

1351 3281 1536 3347 latina,
1560 3280 1697 3333 male
1717 3280 2051 3335 emendatum
2072 3280 2313 3351 Rhegium
2336 3286 2389 3333 in

1354 3361 1533 3414 urbem.
1569 3360 1733 3431 Regia
1779 3361 2024 3431 Dionysii
2062 3358 2255 3413 domus
2284 3361 2389 3415 fuit

1367 3441 1659 3515 Syracusis.
1680 3440 1850 3492 Βιιοτ.

1451 3522 1503 3574 8.
1541 3521 1725 3571 Domus
1749 3540 1850 3571 σιω
1882 3520 2178 3571 miraculum.
2216 3518 2299 3571 Ita
2326 3519 2392 3572 li-

1367 3600 1452 3652 bri
1472 3618 1672 3650 omnes.
1692 3598 1805 3651 Nec
1819 3595 1939 3651 cod.
1957 3598 2096 3651 ullus
2116 3598 2277 3664 favet,
2296 3618 2395 3653 nec

1369 3677 1509 3732 ratio
1523 3678 1658 3747 ipsa,
1685 3676 1919 3729 Pintiani
1940 3679 2255 3749 conjectura
2268 3718 2286 3745 ,
2302 3680 2396 3751 qui

1371 3757 1673 3819 substituit,
1718 3757 1881 3809 domui
1914 3776 2017 3811 sua
2052 3758 2395 3811 umbraculum.

1375 3837 1558 3890 Ham).
1592 3868 1675 3879 --
1711 3835 2051 3911 Gymnasium.
2088 3838 2177 3891 Sic
2220 3840 2399 3893 Theo-

1373 3916 1577 3989 phrast.
1598 3916 1705 3971 loc.
1724 3919 1811 3972 cit.
1835 3920 1881 3969 iv
1910 3924 1982 3991 τῷ
2016 3914 2404 3989 παραδείσῳ,σ.ἶ

1377 3998 1470 4049 εἰσι
1509 4000 1587 4048 νῦν
1637 3998 1685 4049 ἐν
1724 4004 1797 4068 τῷ
1839 4000 2115 4069 γυμνασίῳ.
2148 3997 2407 4051 Successit

1374 4075 1541 4148 igitur
1566 4074 1739 4130 hortis
1774 4077 2115 4149 gymnasium
2134 4114 2151 4139 ,
2180 4076 2290 4129 sive
2313 4096 2411 4147 pa-

2082 4169 2149 4255 ¹³
