2984 5009
647 426 827 583 554¹
1190 482 1265 547 c.
1318 478 1649 548 PLINH
1697 460 1914 547 N'AT.
1967 477 2222 548 HlsT.

643 628 920 710 sequuta
948 598 1142 683 aetas⁶
1160 610 1408 681 scelere
1443 636 1564 682 suo
1592 615 2022 707 interpretata
2048 626 2148 681 est
2166 611 2344 679 hanc
2367 611 2756 697 sententiam,

614 721 912 816 quando
962 744 1184 789 semen
1228 717 1441 813 salicis
1477 717 1735 788 mulieri
1777 718 2134 789 sterilitatis
2177 716 2755 787 medicamentum⁷

644 852 785 897 esse
817 839 1097 897 constat.
1128 825 1258 894 Sed
1300 826 1367 893 in
1410 826 1542 894 hoc
1585 850 1848 920 quoque
1877 825 2233 921 providens
2273 838 2548 911 natura,
2588 824 2757 894 facile

642 936 969 1021 nascenti,
1024 946 1092 1001 et
1150 930 1433 1027 depacto
1486 931 1752 1001 surculo
1769 918 1818 1020 ⁸,
1866 932 2259 1003 incuriosius
2303 954 2530 999 semen
2582 930 2757 1000 dedit.

648 1044 801 1109 Una
844 1036 1117 1109 tamen⁹
1159 1036 1467 1134 proditur
1502 1037 1587 1107 ad
1624 1040 2072 1109 maturitatem
2109 1036 2407 1131 perferre
2447 1034 2670 1123 solita,
2703 1038 2758 1104 in

588 1220 593 1227 .
646 1148 851 1217 Creta
899 1142 1151 1231 insula,
1193 1146 1339 1239 ipso
1374 1143 1696 1214 descensu
1739 1146 1922 1225 Jovis
1971 1142 2332 1241 speluncae,
2397 1138 2654 1212 torvum
2701 1141 2759 1210 li-

648 1276 1057 1349 gneumque,
1098 1249 1554 1346 magnitudine
1599 1251 1850 1321 ciceris.

754 1359 1041 1429 XLVII.
1064 1359 1262 1425 Fiunt
1285 1382 1447 1426 vero
1473 1355 1775 1452 quaedam
1808 1355 1938 1427 loci
1969 1354 2128 1425 vitio
2153 1354 2598 1443 infructuosa,
2617 1356 2761 1424 sicut

652 1468 722 1535 in
760 1469 935 1535 Paro
977 1462 1139 1534 silva
1177 1463 1435 1550 caedua,
1469 1487 1616 1558 quae
1648 1463 1815 1533 nihil
1859 1464 2004 1534 fert.
2045 1463 2324 1532 Persicae
2360 1460 2662 1532 arbores¹
2704 1462 2760 1529 in

650 1570 896 1642 Rhodo
922 1570 1165 1640 florent
1190 1584 1472 1639 tantum.
1512 1571 1616 1640 Fit
1647 1568 1793 1640 haec
1829 1568 2203 1641 differentia
2231 1583 2298 1638 et
2321 1594 2406 1637 ex
2443 1567 2634 1638 sexu²
2660 1594 2676 1636 z
2705 1569 2758 1636 in

651 1679 859 1773 iisque
895 1701 1113 1747 mares
1142 1702 1275 1746 non
1318 1676 1557 1745 ferunt.
1586 1674 1806 1771 Aliqui
1837 1662 2012 1746 hoc³
2051 1689 2537 1770 permutantes,
2577 1697 2762 1743 mares

653 1809 828 1869 esse,
864 1808 1012 1879 quae
1044 1784 1287 1871 ferant,
1323 1782 1617 1852 tradunt.
1655 1784 1838 1852 Facit
1869 1797 1938 1852 et
1974 1782 2264 1851 densitas
2301 1780 2713 1851 sterilitatem.

760 1892 1077 1960 XLVIII.
1140 1888 1596 1984 Gignentium¹
1646 1902 1868 1959 autem
1897 1888 2197 1984 quaedam
2232 1904 2299 1957 et
2337 1886 2647 1958 lateribus
2679 1911 2764 1955 ra·

655 2022 917 2089 morum
942 2050 961 2085 ,
998 2011 1065 2066 et
1093 1995 1548 2065 cacuminibus
1592 1995 1858 2066 ferunt:
1892 2011 1968 2065 ut
2019 1996 2242 2091 pirus,
2277 1996 2562 2081 Punica,
2591 1994 2764 2077 ficus‘,

656 2117 909 2198 myrtus
948 2128 963 2171 ε
1010 2117 1249 2174 caetero
1294 2100 1524 2171 eadem
1576 2117 1816 2181 natura
1829 2100 1875 2192 ²,
1927 2127 2075 2198 quae
2124 2101 2446 2196 frugibus
2489 2100 2766 2195 Namque

656 2224 725 2279 et
749 2210 817 2277 in
846 2211 939 2281 eis
966 2211 1147 2305 spica
1169 2210 1237 2275 in
1266 2209 1608 2278 cacumine
1641 2208 1965 2298 nascitur,
1993 2208 2324 2304 legumina
2355 2208 2424 2275 in
2459 2200 2764 2277 lateribus.

658 2412 933 2468 Θάλλουσαν·
970 2414 1004 2472 ἢ
1046 2412 1153 2467 iusi
1196 2416 1239 2466 οἱ
1278 2414 1500 2475 πίνοντες
1544 2413 1682 2475 ἄνθος

656 2495 823 2559 ἰτέας,
854 2494 1020 2567 ἄγονοι
1058 2489 1363 2563 διαμένουσι.
1413 2494 1684 2559 Quoniam

658 2573 845 2627 florem
876 2573 1071 2627 amittit
1102 2591 1115 2627 :
1146 2572 1232 2625 vel
1272 2571 1421 2645 quod
1455 2572 1512 2625 in
1548 2584 1682 2644 potu

658 2666 899 2726 sumptus
926 2652 1253 2708 sterilitatem
1278 2650 1505 2706 inducit.
1533 2653 1603 2705 H.

740 2740 792 2786 6.
841 2732 1059 2805 Sequuea
1100 2744 1237 2785 oetas.
1282 2732 1684 2803 Theophrastus

663 2815 711 2866 iv
732 2818 945 2883 φυτικοῖς
962 2850 979 2877 ,
1001 2812 1197 2865 citante
1218 2810 1460 2881 Didymo
1473 2811 1576 2863 loc.
1591 2812 1681 2864 eit.

660 2892 999 2946 Democritus
1045 2892 1103 2943 in
1155 2889 1399 2962 Geopon.
1434 2890 1532 2943 lib.
1565 2890 1648 2943 xl
1665 2930 1680 2953 ‚

662 2989 775 3043 cap.
812 2978 908 3035 14,
933 2988 1052 3041 pag.
1084 2968 1225 3035 312,
1246 2970 1339 3024 nbi
1365 2970 1686 3024 Homericus

663 3068 841 3104 versus
882 3050 955 3103 ita
991 3049 1248 3103 scribitur
1271 3088 1288 3115 ,
1343 3051 1560 3121 Κλῆοραί
1602 3058 1684 3113 τ’,

662 3131 863 3201 αἴγειροι
878 3168 895 3197 ,
907 3130 992 3183 καὶ
1004 3130 1133 3183 ἰτέαι
1148 3130 1488 3201 uznoimam.
1506 3129 1685 3183 Diosc.

662 3209 798 3263 libs
812 3248 827 3275 ,
840 3228 961 3282 pag.
987 3227 1010 3263 1
1022 3210 1127 3275 363
1146 3208 1483 3263 inflamma.
1503 3210 1686 3263 Anim.

660 3289 757 3344 lib.
791 3290 871 3343 lv
888 3327 907 3352 ,
950 3308 1065 3361 cap.
1098 3289 1168 3343 ²3
1192 3329 1205 3352 ,
1250 3306 1311 3343 ac
1336 3289 1544 3342 Plinius
1574 3290 1688 3360 ipse

662 3388 873 3424 rursum
899 3370 994 3425 lib.
1023 3369 1227 3435 xxw,
1264 3388 1380 3442 cap.
1408 3368 1504 3425 38.
1534 3370 1605 3422 H.

746 3470 779 3520 7
787 3490 801 3503 .
815 3450 1231 3503 Medicamentum.
1240 3449 1504 3521 Φάρμακον
1515 3487 1533 3516 ,
1541 3446 1688 3520 quod

664 3530 992 3584 sterilitatem
1016 3530 1190 3583 affert.
1218 3528 1401 3583 Eun.
1565 3594 1570 3601 .

748 3610 803 3662 8.
836 3611 911 3662 Et
934 3610 1135 3680 depacto
1160 3610 1367 3662 sumto.
1395 3608 1577 3674 Quum
1601 3608 1688 3661 vel

666 3686 925 3757 depacto,
964 3689 1164 3760 inquit,
1202 3688 1259 3740 in
1302 3701 1498 3741 terram
1541 3687 1690 3741 nulla

667 3768 778 3821 sete
802 3781 917 3821 arte
934 3805 949 3831 ,
991 3767 1074 3822 vel
1096 3765 1347 3831 ‘cultui-a,
1391 3767 1544 3821 facile
1572 3768 1685 3820 hanc

666 3859 911 3899 nascatur
928 3848 1085 3900 arbos
1098 3884 1116 3911 ‚
1138 3846 1503 3917 indiligentius
1525 3847 1574 3899 ci
1596 3865 1688 3899 ns·

667 3939 787 3980 tura
807 3942 989 3989 semen
1014 3922 1163 3979 dedit
1177 3963 1193 3991 ‚
1215 3924 1361 3999 qnod
1374 3926 1462 3979 vix
1484 3926 1686 3998 perfert

666 4005 733 4060 nd
759 4005 1132 4059 maturitatem.
1158 4003 1343 4057 Hann.

748 4106 802 4156 9.
840 4088 949 4139 Una
984 4098 1155 4139 tamen.
1174 4085 1260 4139 In·
1286 4084 1520 4159 ejusdem
1565 4104 1684 4157 spe·

1769 2413 1944 2467 luncae
1969 2413 2120 2468 aditu
2145 2413 2306 2467 fuisse
2335 2424 2390 2466 et
2421 2412 2684 2483 populum
2701 2408 2768 2462 ni·

1769 2499 2107 2565 gram,‘qnae
2143 2494 2380 2546 fructum
2409 2492 2594 2546 ferret.
2619 2490 2768 2543 ’Πιοο-

1773 2574 1974 2645 phi-ast.
2008 2573 2147 2627 nist.
2174 2574 2270 2626 lib.
2291 2572 2402 2631 111.
2431 2590 2554 2632 cau.
2583 2572 2635 2625 5.
2663 2570 2722 2623 Η.

1851 2653 2082 2708 XLVII.
2135 2670 2182 2706 1.
2233 2654 2446 2704 Persica
2491 2651 2694 2704 arbona
2719 2644 2769 2700 Id

1770 2735 1874 2803 jam
1905 2732 2148 2805 superius
2177 2744 2534 2785 memoratum
2565 2728 2770 2789 lihxv,

1771 2831 1890 2883 cap.
1928 2810 2017 2866 13.
2056 2810 2210 2865 Idem
2263 2810 2334 2865 de
2373 2811 2568 2865 arbore
2612 2810 2767 2863 Pam

1770 2892 2202 2963 Theophrastus,
2247 2891 2384 2945 nist.
2411 2890 2508 2944 lib.
2537 2892 2653 2956 111,
2677 2904 2768 2958 cap.

1777 2973 1844 3039 53
1871 2972 2120 3043 quoniam
2147 2971 2306 3025 arbos
2329 2982 2560 3043 utraque
2581 2964 2770 3042 AEgypti

1773 3050 2019 3121 indigena
2041 3051 2159 3104 fuit.
2189 3048 2375 3102 Ilum.

1855 3152 1908 3184 a.
1933 3130 2024 3183 Fit
2048 3132 2150 3183 hoec
2173 3156 2188 3183 .·
2215 3170 2262 3183 ..
2289 3142 2342 3181 et
2363 3150 2426 3181 ea:
2453 3148 2594 3181 sem.
2634 3122 2769 3197 Apud

1773 3210 2050 3281 Theophr.
2077 3208 2209 3264 Hist.
2237 3210 2333 3262 lib.
2359 3209 2478 3270 111,
2501 3205 2751 3280 cap.6.H.
2783 3224 2786 3229 ·

1858 3290 1911 3343 3.
1930 3291 2106 3363 Aliqui
2123 3291 2228 3342 hoc.
2248 3288 2524 3360 Theophr.
2545 3289 2586 3341 1.
2611 3307 2656 3342 c.
2677 3286 2737 3339 H.

1853 3370 2110 3423 XLVIII.
2131 3388 2152 3423 ι
2164 3409 2179 3423 .
2199 3368 2532 3439 Οἱςπεηὲὲιιηι.
2550 3364 2769 3437 Theoph-

1774 3448 1911 3503 Hist.
1935 3449 2032 3502 lib.
2062 3450 2114 3515 1,
2143 3468 2256 3521 cap.
2297 3450 2389 3501 23.
2419 3446 2602 3501 Hsnn.

1861 3548 1912 3583 2.
1945 3528 2134 3583 Coetem
2153 3528 2316 3581 eadem
2357 3540 2554 3581 mm·
2593 3526 2770 3581 cota-o

1777 3622 2018 3662 constant
2057 3609 2139 3661 ho
2177 3610 2398 3662 arbores
2428 3606 2615 3660 eadem
2639 3614 2770 3659 natu·

1777 3706 1868 3752 ra,
1915 3706 2036 3759 quae
2073 3688 2318 3758 frugibus
2357 3689 2510 3741 inest.
2557 3686 2770 3755 Namque

1775 3779 1829 3820 et
1856 3768 1911 3819 in
1939 3767 2067 3838 ipsis
2093 3768 2332 3839 frugibus
2361 3768 2504 3839 spica
2525 3779 2606 3820 est
2627 3766 2680 3817 in
2701 3780 2764 3815 cn·

1773 3847 2013 3912 cuimine,
2040 3848 2172 3901 utin
2199 3850 2470 3901 frumento
2491 3863 2506 3899 :
2531 3844 2769 3917 legumina

1775 3938 1897 3980 sunt
1925 3926 1984 3978 in
2011 3927 2292 3993 lateribus,
2313 3939 2380 3980 ut
2404 3926 2462 3978 in
2493 3927 2628 3979 faba.
2665 3920 2766 3974 Hac

1774 4006 1982 4059 Plinius
2025 4006 2136 4059 fere
2168 4046 2185 4074 ,
2241 4004 2336 4060 sed
2385 4006 2496 4060 alio
2538 4016 2676 4059 certe
2716 4016 2764 4052 ex

1777 4085 1924 4159 fonte
1939 4124 1956 4151 ,
1977 4104 2136 4157 qnam
2163 4105 2224 4140 ex
2247 4086 2636 4157 Theophrasto.
2663 4082 2720 4134 Η.
