2984 5009
693 481 849 568 426

1250 487 1331 556 C.
1378 488 1704 558 PLlNll
1760 489 1966 559 NAT.
2026 489 2274 559 fflS'r.

691 614 977 710 lapidem
1014 613 1297 702 vallata,
1345 635 1690 715 portaeque
1719 620 1998 692 Collinae
2031 622 2422 716 adequitans
2461 623 2601 717 ipse
2647 627 2804 692 Han-

688 721 895 790 nibal.
923 725 1139 792 Tanto
1166 727 1441 819 propius
1480 729 1956 825 Carthaginem
2003 753 2206 824 pomo
2233 731 2410 799 Cato
2443 728 2800 799 admovit¹'.

623 843 654 889 3
693 828 955 899 Colitur
999 828 1167 899 ficus
1209 833 1411 902 arbor
1442 835 1512 903 in
1549 835 1698 906 foro
1733 833 1941 932 ipso¹²
1971 859 2051 905 ac
2078 837 2374 906 Comitio
2411 838 2643 906 Romae
2675 853 2804 906 nata

686 999 900 1055 Collina
928 1018 959 1052 a
981 999 1209 1055 collibus
1229 1001 1493 1069 Quirinali
1531 1018 1585 1059 et
1615 1006 1714 1059 Vi-

684 1079 865 1133 minali
879 1118 894 1145 ,
920 1093 1130 1152 aquata
1146 1082 1223 1135 ibi
1246 1084 1471 1155 planitie
1486 1087 1712 1158 conjun-

688 1159 805 1214 ctis.
831 1159 1015 1214 Haun.

766 1240 1117 1295 11.Admooit.
1134 1239 1562 1314 SicoptimeMS.
1577 1245 1708 1318 Reg.

685 1322 838 1375 2.1n
878 1321 995 1375 MS.
1028 1322 1160 1393 neg.
1214 1334 1268 1376 et
1308 1321 1394 1376 ed.
1429 1325 1706 1397 principe,

679 1401 947 1455 admonuit.
981 1401 1123 1456 Male
1150 1403 1520 1471 Rezzonicus,
1578 1406 1711 1460 adiri

682 1483 882 1533 movente.
906 1481 1077 1536 Bnor.

762 1578 787 1614 1
800 1580 853 1615 τι.
877 1561 1213 1632 Collecti-ficus
1234 1563 1418 1618 arbor
1398 1585 1451 1618 m
1466 1567 1625 1633 fom'
1603 1585 1708 1637 ipso

678 1660 738 1693 ae
762 1644 955 1694 comitio
980 1643 1181 1708 Roma,
1214 1655 1314 1698 etc.
1342 1646 1472 1698 Haec
1499 1659 1708 1718 pertur-

675 1721 801 1774 bata
834 1734 984 1785 sunt,
1030 1735 1085 1776 et
1128 1723 1263 1778 ficus
1296 1723 1426 1780 duas
1451 1727 1706 1780 Romanis

675 1819 847 1855 sacras
870 1800 1245 1857 confundunt:
1274 1806 1496 1858 alteram
1523 1807 1709 1860 Rumi-

672 1881 851 1935 nalem
868 1921 885 1947 ,
922 1895 1099 1936 natam
1120 1886 1231 1956 jam
1258 1896 1377 1939 tum
1398 1887 1457 1940 in
1479 1886 1706 1941 Cunna-

672 1962 800 2016 nico
816 2001 833 2028 ‚
860 1974 923 2016 ut
946 1964 1133 2018 scribit
1164 1966 1481 2020 Plutarchus
1515 1967 1574 2019 in
1597 1968 1706 2020 Ro·

673 2042 843 2108 mulo,
868 2041 1017 2098 haud
1038 2047 1231 2116 procul
1252 2064 1283 2098 a
1308 2047 1706 2118 Tiberi‚quum

675 2122 904 2194 expositi
936 2137 1064 2179 sunt
1092 2127 1359 2180 Romulus
1388 2139 1445 2180 et
1470 2129 1702 2192 Remus,

673 2203 773 2256 sub
826 2221 933 2276 qua
982 2224 1193 2260 rumam
1244 2207 1537 2261 infantibus
1576 2207 1705 2278 lupa

672 2284 933 2354 probuit,
954 2287 1026 2340 ab
1050 2303 1116 2339 eo
1135 2287 1397 2341 miraculo
1420 2287 1499 2340 sic
1519 2289 1704 2358 appel·

670 2363 833 2417 latam
862 2365 1111 2420 :alteram
1137 2366 1361 2421 Naviam
1376 2369 1434 2422 in
1453 2368 1704 2434 comitio,

670 2455 839 2498 utam
873 2445 943 2498 ab
980 2447 1133 2500 Attio
1164 2447 1337 2502 Navio
1366 2465 1600 2518 augure;
1637 2467 1704 2502 au

672 2523 905 2595 sumptis
950 2543 1014 2580 ex
1059 2528 1337 2582 Ruminali
1376 2529 1702 2591 stolonibus,

670 2602 917 2658 nondum
935 2607 1133 2679 reperi.
1156 2609 1363 2663 Clarius
1376 2609 1481 2662 hoc
1501 2622 1561 2664 ut
1577 2609 1673 2663 fiat
1686 2645 1704 2674 ‚

674 2682 963 2756 adscripsi,
1014 2705 1135 2758 quo
1170 2688 1271 2743 hac
1320 2687 1389 2742 de
1432 2707 1496 2742 re
1543 2687 1706 2743 tradit

673 2763 859 2818 Festus
879 2765 937 2818 in
964 2765 1289 2821 dictionibus
1315 2768 1484 2822 Navia
1511 2781 1568 2822 et
1592 2770 1705 2822 Ru-

672 2844 905 2898 minalis.
937 2846 1131 2900 Priore
1174 2846 1395 2920 quidem
1424 2850 1547 2902 loco
1586 2868 1706 2922 qua

672 2923 877 2995 integra
914 2939 1041 2980 sunt
1090 2927 1205 2998 lege
1252 2946 1422 2999 usque
1472 2927 1542 2982 ad
1589 2929 1706 2985 haac

671 3005 833 3058 verba
848 3043 865 3073 ,
896 3031 920 3053 ι
945 3005 1099 3077 jussit
1116 3025 1212 3060 rex
1230 3019 1403 3062 cotem
1420 3049 1435 3073 ,
1464 3027 1530 3062 ac
1547 3027 1708 3063 nova-

670 3085 846 3138 culam
870 3103 887 3138 :
920 3109 944 3131 ¹·
992 3084 1189 3141 deinde
1216 3088 1478 3160 subjunge
1501 3109 1622 3163 quo
1648 3092 1706 3144 iu

670 3163 857 3218 codice
884 3167 1069 3220 Romo
1100 3166 1247 3222 edito
1278 3182 1582 3242 sequuntur
1611 3172 1705 3224 mi·

668 3263 771 3300 nus
800 3245 1003 3312 lacera,
1029 3247 1134 3302 hoc
1180 3247 1375 3304 modo.
1398 3291 1411 3304 .
1438 3291 1452 3304 .
1484 3276 1509 3300 ι
1538 3270 1704 3305 nova·

670 3325 844 3379 culam
868 3329 1101 3398 proferri
1116 3349 1131 3393 ;
1148 3348 1251 3401 qua
1273 3330 1480 3402 prolata
1497 3371 1514 3398 ,
1535 3349 1704 3404 quum

668 3405 1025 3480 interrogatus
1070 3429 1241 3482 augur
1275 3451 1291 3474 ,
1341 3431 1409 3465 an
1460 3431 1553 3466 cos
1612 3412 1702 3466 illa

668 3501 845 3557 posset
865 3488 1115 3560 procidi,
1141 3491 1502 3564 respondisset
1521 3509 1702 3564 posse,

666 3570 925 3622 novacula
937 3571 1117 3625 subito
1130 3572 1311 3643 praeit
1296 3571 1395 3638 dit,
1410 3592 1522 3646 quo
1536 3573 1702 3634 facto,

668 3645 929 3716 Navium,
983 3669 1051 3704 ex
1102 3671 1167 3704 eo
1222 3651 1520 3724 Tarquinio
1564 3651 1700 3706 nihil

666 3743 821 3793 auso,
845 3743 1027 3786 contra
1054 3731 1285 3803 amplius
1310 3733 1516 3797 facere,
1547 3751 1704 3786 nova·

667 3805 845 3861 culam
894 3810 1039 3864 illam
1073 3829 1139 3865 ac
1174 3823 1350 3866 cotem
1392 3812 1491 3866 sub
1523 3813 1702 3866 locum

666 3901 1034 3943 consecratum
1084 3889 1269 3944 defodi
1318 3893 1532 3963 jussisse
1569 3931 1588 3958 ,
1648 3905 1703 3947 et

664 3964 829 4020 ficum
863 3969 931 4021 ab
961 3988 1029 4023 eo
1058 3986 1223 4026 satam
1268 3972 1345 4026 ibi
1388 3991 1531 4038 esse,
1563 3973 1703 4027 intra

666 4044 725 4099 id
748 4047 979 4118 spatium
994 4050 1141 4116 loci,
1167 4051 1262 4123 qui
1282 4066 1571 4108 contentus
1588 4053 1705 4107 sine

667 4143 817 4182 sacro
838 4128 939 4196 sit;
968 4147 1223 4201 eamque,
1256 4132 1300 4186 si
1335 4131 1555 4205 quando
1587 4151 1704 4188 are·

1801 1023 1948 1058 scere
1972 1004 2301 1076 contigisset,
2329 1005 2564 1072 subseri,
2591 1007 2806 1079 sumique

1801 1104 1866 1138 ex
1897 1103 1960 1138 ea
1981 1087 2220 1140 surculos
2245 1087 2460 1157 jussisse
2497 1107 2513 1138 :
2545 1105 2650 1158 quo
2687 1087 2803 1140 facto

1801 1177 1976 1220 tantos
1987 1165 2124 1219 iutra
2141 1166 2398 1238 temporis
2419 1179 2641 1231 trsctus,
2659 1184 2800 1238 quum

1797 1245 1912 1299 alin
1961 1246 2036 1300 in
2075 1264 2142 1299 eo
2175 1245 2298 1300 loco
2343 1247 2647 1320 complures
2689 1247 2801 1300 ficus

1777 1337 1965 1380 -enatae
2031 1339 2242 1392 esseut,
2296 1336 2458 1398 atque
2513 1345 2589 1380 ese
2633 1325 2799 1380 evulso

1797 1403 1993 1461 deinde
2015 1404 2084 1461 de
2113 1425 2260 1460 sacro
2291 1406 2386 1459 illo
2413 1407 2534 1460 loco
2561 1403 2800 1460 radicibus

1793 1499 2242 1552 removerentur,
2297 1504 2486 1540 omnes
2537 1503 2653 1559 qua
2687 1486 2796 1538 inibi

1794 1577 1926 1620 tuuc
1952 1567 2210 1639 temporis
2231 1578 2410 1632 erant,
2441 1567 2606 1622 ficum
2635 1577 2798 1638 prate

1794 1664 1956 1700 unam
1971 1647 2116 1700 illam
2134 1649 2325 1719 ejectas
2341 1647 2503 1701 fuisse
2517 1646 2796 1713 ,admonitu

1793 1725 1935 1780 fatali
1958 1745 2022 1781 ac
2047 1729 2192 1800 jussu
2209 1726 2478 1799 imprimis
2493 1727 2796 1799 aruspicum,

1793 1818 1848 1859 et
1874 1805 2072 1860 divinis
2097 1808 2258 1862 etiam
2297 1809 2568 1880 responsis
2599 1807 2795 1879 promit·

1791 1888 2028 1942 tentibus
2038 1927 2055 1953 ,
2069 1886 2330 1958 quamdiu
2347 1905 2413 1941 ea
2423 1889 2628 1942 viveret
2637 1926 2652 1952 ,
2663 1887 2798 1939 liber·

1793 1978 1958 2021 tatem
2017 1968 2206 2040 populi
2245 1969 2456 2021 romani
2501 1967 2796 2022 incolumem

1793 2065 2094 2102 mansuram
2117 2087 2134 2114 ,
2157 2046 2390 2118 ideoque
2407 2047 2517 2102 coli
2541 2061 2596 2102 et
2621 2045 2796 2100 subseri

1794 2144 1861 2180 ex
1887 2127 1982 2180 illo
2001 2139 2244 2198 tempore
2257 2141 2506 2198 emptam.
2531 2153 2556 2178 ο
2579 2127 2698 2181 Hoc
2715 2125 2796 2179 sci·

1790 2207 1917 2262 licet
1935 2207 2106 2262 Navia
2127 2207 2264 2261 ficus
2277 2245 2294 2272 ,
2314 2206 2386 2260 ad
2405 2209 2585 2280 puteal
2603 2206 2798 2260 libonis

1792 2287 1850 2340 in
1875 2288 2142 2342 comitioa
2164 2285 2338 2341 Navio
2355 2285 2600 2360 depacta.
2615 2287 2798 2349 Altera,

1791 2367 2092 2424 Ruminalis
2117 2366 2382 2440 appellata
2397 2406 2415 2431 ,
2457 2366 2606 2439 quod
2633 2367 2725 2420 sub
2747 2383 2798 2418 ea

1787 2449 1982 2502 arbore
2007 2447 2134 2518 lupa
2159 2465 2391 2511 rumam,
2421 2446 2482 2500 id
2513 2460 2617 2511 est,
2655 2462 2798 2500 mam-

1791 2545 1965 2585 mam,
2005 2528 2240 2581 Romulo
2285 2540 2340 2581 et
2381 2528 2553 2582 Remo
2580 2525 2795 2588 dederit,

1791 2609 1892 2662 sub
1909 2608 2179 2662 veteribus
2195 2599 2346 2677 (suh.
2369 2607 2602 2661 tabernis
2619 2603 2638 2670 )
2655 2622 2798 2678 prope

1791 2688 1996 2742 curiam
2019 2687 2149 2754 fuit,
2183 2698 2243 2740 ut
2279 2701 2474 2742 auctor
2517 2701 2595 2742 est
2629 2689 2797 2739 Varro.

1790 2767 1922 2822 'Hac
1959 2781 2038 2822 est
2062 2768 2152 2822 illa
2183 2766 2376 2834 altera,
2405 2786 2569 2841 quam
2593 2786 2624 2820 a
2651 2764 2795 2820 Navia

1794 2848 1952 2920 pauci
1992 2847 2388 2912 distinxerunt,
2434 2846 2674 2902 eamdem
2707 2862 2800 2898 esse

1793 2941 2076 3000 utramque
2099 2928 2360 2982 arbitrati.
2391 2928 2510 3000 Ego
2543 2929 2616 2982 sic
2645 2928 2798 2980 locum

1795 3009 1944 3062 hunc
1970 3021 2142 3062 totum
2179 3009 2300 3078 lego
2339 3025 2355 3061 ε
2407 3035 2432 3058 ι
2463 3009 2670 3064 Colitur
2687 3006 2799 3059 ficus

1793 3090 1852 3142 in
1909 3088 2031 3143 foro
2077 3089 2195 3160 ipso
2243 3087 2519 3150 Romano,
2585 3089 2640 3141 in
2699 3088 2798 3139 foro

1791 3168 2074 3240 judiciario
2099 3161 2310 3240 (prope
2337 3170 2546 3222 curiam
2565 3169 2662 3222 sub
2679 3178 2798 3218 vete-

1792 3250 1948 3303 ribus
1973 3245 2230 3311 tabernis)
2260 3267 2322 3302 ac
2353 3249 2580 3304 comitio
2611 3243 2702 3312 (ad
2723 3244 2796 3297 Li·

1791 3329 1952 3384 bonis
2013 3327 2266 3400 puteal),
2321 3342 2432 3382 sata
2495 3331 2564 3382 ab
2622 3341 2798 3397 augure

1789 3410 1940 3466 Attio
1993 3410 2200 3474 Navio,
2241 3409 2403 3463 sacris
2447 3410 2526 3463 ibi
2567 3405 2796 3466 conditis,

1791 3481 2083 3562 (novacula
2131 3501 2186 3544 et
2236 3502 2355 3545 eote
2379 3529 2397 3556 ,
2445 3509 2609 3562 quam
2643 3499 2795 3541 cotem

1789 3569 2107 3643 prociderat
2129 3568 2154 3634 )
2182 3581 2238 3624 et
2265 3583 2536 3641 tamquam
2563 3570 2618 3622 iu
2657 3564 2796 3621 comi·

1791 3653 1924 3705 tium
1953 3663 2142 3721 sponte
2171 3651 2442 3704 transisset
2465 3645 2487 3714 (
2495 3669 2526 3703 e
2549 3649 2690 3704 curia
2713 3647 2795 3697 Ru·

1791 3731 2090 3803 minalique
2121 3729 2230 3784 ficu
2251 3768 2268 3794 ‚
2311 3748 2414 3784 nee
2442 3731 2588 3784 illam
2613 3726 2792 3782 sevisset

1794 3807 2042 3878 Navius).
2070 3811 2169 3864 Illa
2197 3829 2366 3883 quum
2391 3811 2582 3864 arescit
2601 3847 2617 3874 ,
2636 3821 2792 3860 rursm

1789 3909 1916 3948 cura
1991 3889 2332 3944 sacerdotum
2393 3892 2605 3945 seritur.
2649 3883 2792 3954 uagis

1791 3973 1954 4028 altera
1979 3961 2117 4041 (sub.
2143 3966 2362 4034 colitur)
2401 3972 2476 4024 ob
2511 3965 2788 4022 memoriam

1792 4055 1912 4124 ejus
1937 4041 2170 4122 (lupo),
2206 4069 2328 4123 quo
2353 4050 2534 4104 nutrix
2567 4047 2666 4102 fuit
2699 4045 2787 4096 Ro-

1792 4132 1924 4186 muli
1953 4151 2018 4186 ac
2051 4131 2208 4188 Remi
2231 4123 2572 4192 conditoris(
2597 4124 2783 4181 eodm*
