2984 5009
990 470 1309 541 LIBER
1362 472 1493 541 xv
1514 473 1570 540 1.
2189 470 2342 571 579

185 600 373 673 lamis
420 600 675 697 spicula
723 600 981 671 addunt
1034 602 1451 675 irrevocabili
1510 603 1714 673 hamo
1777 606 1992 673 noxia.
2045 607 2342 677 Mortem

184 708 557 779 accelerant
587 710 791 805 pinna
822 708 1047 779 addita
1084 708 1399 794 calamis3
1448 710 1658 805 fitque
1693 724 1762 779 et
1805 734 1890 781 ex
1937 712 2086 807 ipso
2127 712 2338 789 telum

181 815 382 885 aliud
402 816 671 887 fracto
650 841 723 885 m
764 814 1171 887 vulneribus.
1209 818 1332 889 His
1368 818 1572 887 armis
1611 816 1872 887 solem
1857 842 2076 913 ipsum
2109 820 2344 891 obum·
2415 832 2420 837 “

184 922 405 993 brant.
456 924 741 1018 Propter
778 922 911 992 hoc
958 924 1245 1017 maxime
1288 948 1560 995 serenos
1607 923 1748 995 dies
1791 936 2082 1020 optant:
2138 927 2342 997 odere

184 1044 427 1099 ventos
467 1044 535 1099 et
580 1028 829 1101 imbres
847 1082 866 1112 ,
912 1030 1027 1124 qui
1070 1030 1246 1100 inter
1282 1028 1431 1101 illos
1471 1054 1710 1126 pacem
1747 1054 1890 1101 esse
1933 1048 2204 1126 cogunt.
2243 1038 2342 1105 Ac

185 1138 239 1205 si
280 1137 437 1231 quis
486 1135 873 1231 AEthiopas5
916 1137 1275 1231 AEgyptum
1298 1186 1317 1219 ‚
1370 1136 1666 1224 Arabas,
1711 1137 1962 1235 judas,
2027 1141 2344 1233 Scythas,

186 1246 467 1313 Bactros
490 1294 511 1330 ‚
565 1245 1023 1315 Sarmatarum
1081 1257 1183 1313 tot
1222 1258 1451 1337 gentes
1497 1257 1566 1315 et
1609 1244 1937 1334 Orientis,
1980 1249 2340 1342 omniaque

184 1349 593 1420 Parthorum
630 1374 839 1445 regna
876 1348 1259 1446 diligentius
1296 1365 1676 1444 computet,
1709 1376 1898 1447 aequa
1943 1352 2154 1423 ferme
2189 1371 2345 1450 pars

186 1456 545 1528 hominum
590 1457 661 1527 in
699 1470 847 1527 toto
889 1456 1145 1527 mundo
1181 1456 1453 1528 calamis
1492 1472 1804 1554 superata
1845 1458 2048 1578 degit.
2094 1462 2412 1531 Praei-2

188 1562 365 1658 puu's
390 1564 505 1633 hic
532 1588 693 1633 usus
719 1564 791 1633 in
821 1561 1058 1634 Creta²
1086 1563 1441 1635 bellatores
1481 1589 1638 1636 suos
1674 1552 2175 1661 praecipitavitffi
2209 1568 2342 1639 Sed

188 1671 259 1738 in
285 1670 429 1739 hoc
472 1694 773 1765 quoque,
810 1684 889 1739 ut
920 1672 1175 1741 caeteris
1208 1672 1280 1739 in
1319 1671 1554 1757 rebu5‚
1604 1674 1764 1741 vicit
1799 1672 2038 1743 Italia:
2021 1670 2340 1803 ⁵quando

187 1775 417 1846 nullus
466 1778 721 1873 sagittis
757 1770 977 1873 aptioi·
1020 1763 1375 1867 calamus⁴‚
1414 1802 1616 1874 quam
1655 1780 1724 1849 in
1759 1764 2068 1865 Rhcn0⁵‚
2115 1784 2346 1851 Bono·

188 1883 409 1954 niensi
446 1908 679 1973 amne,
732 1886 849 1953 cui
893 1898 961 1954 et
1002 1883 1291 1978 plurima
1341 1886 1514 1956 inest
1563 1884 1902 1971 medulla,
1947 1886 2346 1984 pondusque

189 1974 538 2060 volucre⁶·
576 2006 644 2060 et
671 2004 907 2061 contra
942 1990 1139 2062 flatus
1170 1990 1473 2123 quoque⁷
1507 1988 1823 2087 pervicax
1851 1938 2039 2062 libra.
2074 1994 2348 2091 Quippe

189 2122 331 2167 non
376 2097 611 2167 eadem
648 2098 861 2193 gratia
894 2096 1195 2193 Belgicis.
1246 2082 1444 2168 Haec⁸
1492 2113 1562 2169 et
1602 2098 1886 2169 Creticis
1923 2102 2348 2172 commenda-

193 2204 525 2274 tioribus:
561 2228 942 2299 quanquam
980 2204 1423 2300 praeferantur
1462 2204 1648 2293 Indi,
1697 2229 1986 2300 quorum
2031 2206 2160 2276 alia
2199 2208 2347 2303 qui-

190 2383 319 2437 est3
362 2370 617 2443 quoniam
632 2409 650 2437 ,
672 2382 734 2425 ut
754 2370 827 2423 ait
851 2369 1242 2436 Dioscorides,·

192 2470 257 2505 ex
294 2447 565 2504 arundine
603 2459 755 2504 nasto
794 2450 998 2521 sagitta:
1039 2451 1178 2505 flunt
1208 2469 1223 2504 ι

192 2530 442 2604 quamvis
496 2530 555 2583 in
606 2530 933 2601 Geoponicis
970 2542 1226 2603 corrupte

192 2612 434 2684 legatur,
470 2635 494 2658 ιι
520 2610 699 2665 balitae
710 2622 765 2663 et
786 2623 953 2664 mesto
976 2612 1217 2665 calami.-

195 2692 634 2747 Guxnuimtss
664 2690 851 2745 Nascus
890 2690 1109 2762 antiqua
1150 2703 1229 2745 est

192 2770 491 2845 appellatio
527 2769 727 2823 Indica
760 2768 1067 2836 arundinis,
1106 2788 1228 2843 qua

193 2852 358 2906 nobis
381 2850 623 2915 Bombos,
645 2868 738 2903 seu
755 2848 1005 2903 Bambma
1027 2850 1227 2903 arundi-

196 2950 372 2985 nem.
400 2929 531 2983 vid.
560 2943 675 2983 not.
711 2946 779 2982 ιο
805 2930 931 2983 infr.
959 2930 1067 2983 En.

287 3030 341 3065 a.
362 3010 427 3063 In
454 3009 619 3064 ema.
650 3010 799 3063 Bello
817 3022 1091 3081 postremo
1104 3010 1231 3065 Cre·

196 3092 340 3155 tien,
364 3088 509 3143 unde
530 3089 731 3145 Cretici
756 3089 1005 3144 Metellus
1032 3108 1230 3162 cognoa

197 3190 327 3227 men
352 3170 494 3225 tulit.
524 3168 670 3223 Vide
696 3170 943 3236 Florum,
972 3168 1068 3223 lib.
1106 3170 1225 3235 111,

200 3269 326 3322 cap.
360 3268 419 3322 7.
448 3248 767 3321 Sagittarum
798 3268 925 3304 usus
952 3250 1231 3305 Cretenses

200 3331 333 3385 fecit
396 3329 707 3385 audaciores
766 3329 1233 3402 promptioresque

204 3409 274 3464 ad
312 3410 517 3465 bellum
564 3429 688 3465 cum
728 3410 987 3463 Romanis
1042 3410 1234 3464 ineun-

203 3482 371 3557 dum,
402 3488 550 3561 quod
579 3490 705 3563 ipsis
736 3502 1071 3561 postremum
1100 3490 1233 3555 fuit,

204 3584 261 3625 et
285 3570 589 3625 exitiosum.
613 3568 939 3625 Prudentius
956 3608 973 3634 ,
993 3570 1143 3639 hym.
1168 3570 1198 3623 ⁵
1217 3608 1234 3633 ,

203 3670 259 3703 v.
293 3650 363 3705 51
388 3669 404 3703 :
439 3676 462 3699 ιι
496 3690 511 3703 .
534 3689 549 3703 .
574 3691 587 3703 .
615 3650 707 3703 ille
736 3648 969 3705 volantia
1000 3650 1235 3721 Praefigit

205 3730 425 3785 calamis
444 3730 647 3801 spicula
664 3730 943 3785 Gnosiis.·
972 3728 1155 3783 Ham).

295 3812 347 3865 3.
374 3812 725 3881 Praecz‘pieaoit.
754 3810 1099 3865 Cretensibus
1118 3826 1241 3881 geu·

1398 2378 1453 2436 4.
1472 2370 1660 2440 Aptior
1677 2370 1910 2423 calamus.
1934 2370 2167 2425 Asundo
2185 2372 2350 2445 sagit·

1317 2451 1450 2503 tsria
1486 2468 1549 2503 ea
1579 2462 1802 2503 vocatur
1821 2490 1837 2517 ,
1895 2448 1969 2504 de
2018 2466 2126 2524 qus
2185 2454 2350 2527 paulo

1313 2530 1470 2584 iufra.
1499 2531 1710 2591 Das-nc.

1398 2610 1451 2665 ὅ.
1488 2610 1652 2681 Quam
1679 2612 1731 2661 in
1755 2609 1940 2661 Rheno.
1970 2612 2144 2683 Hujus
2184 2622 2350 2666 arun·-

1313 2688 1456 2743 dinis
1476 2728 1493 2755 ,
1537 2707 1658 2761 qua
1692 2689 1750 2741 in
1787 2706 1852 2742 eo
1889 2706 2047 2743 amne
2080 2692 2348 2763 gignitur,

1312 2770 1529 2825 iconem
1551 2768 1774 2823 exhibet
1786 2770 1900 2821 Jse.
1919 2768 2150 2837 Zanoni,
2166 2772 2348 2826 Bono-

1312 2849 1511 2905 niensis
1541 2848 1687 2903 horti
1713 2850 2022 2921 prefectus,
2049 2851 2108 2904 in
2129 2850 2346 2907 histos-ia

1314 2929 1599 2993 Botanica,
1627 2947 1746 3001 pag.
1779 2932 1872 2983 62.
1909 2930 2094 2984 Hsnn.

1400 3014 1455 3066 6.
1476 3008 1768 3081 Pondnsque
1788 3012 2002 3063 volitem.
2037 3009 2184 3065 Adeo
2208 3012 2346 3066 nihil

1316 3088 1530 3162 pondus
1543 3088 1812 3143 velocitati
1839 3089 2096 3149 detrahit.
2115 3100 2177 3145 ut
2191 3092 2350 3145 libra-

1318 3182 1563 3223 mentum
1583 3168 1858 3240 quoddam
1877 3168 2082 3239 potius,
2093 3180 2147 3224 et
2169 3172 2348 3225 nisum

1318 3248 1479 3304 addat
1503 3261 1690 3303 contra
1717 3260 2004 3301 ventorum
2020 3248 2204 3303 flatus.
2235 3252 2303 3303 H.

1402 3348 1459 3400 7.
1520 3328 1708 3383 coner·
1751 3328 1909 3399 flatus
1949 3340 2134 3400 quoqne
2164 3369 2178 3390 ‚
2241 3342 2344 3383 etc.

1320 3406 1558 3481 Legend.
1587 3430 1610 3464 ιι
1629 3418 1684 3460 et
1723 3420 1909 3461 eontra
1940 3406 2096 3461 flatus
2132 3423 2348 3481 quoque

1320 3488 1572 3561 pervicax
1589 3506 1606 3541 ι
1631 3487 1771 3541 libra
1787 3488 1992 3558 quippe
2007 3523 2022 3552 ,
2035 3502 2145 3541 non
2161 3488 2347 3542 eadem

1320 3568 1487 3640 gratis
1505 3568 1728 3639 Belgicis
1753 3576 1818 3621 et'
1831 3566 2056 3621 Creticis
2075 3576 2348 3621 commen·

1323 3648 1620 3704 «latioribus
1646 3664 1662 3700 :
1693 3670 1716 3694 ιι
1767 3645 1898 3699 ibid.
1929 3646 2092 3717 paulo
2127 3648 2350 3701 inferius

1322 3718 1535 3801 lege.-
1464 3747 1477 3762 ·
1579 3730 1748 3781 Suum
1771 3744 1937 3799 genus
1963 3727 2230 3807 sagittario
2264 3746 2351 3783 ca·

1322 3808 1498 3873 lamo,
1515 3806 1609 3861 sed
1625 3807 1839 3861 Cretico
1855 3806 2209 3877 longia-imis·
2191 3819 2356 3863 inter-

210 3891 431 3945 tilitium
466 3890 632 3943 telum
664 3892 875 3963 sagittas
906 3908 1019 3945 esse
1055 3888 1245 3944 scribit
1327 3887 1533 3953 inediis,
1564 3888 1990 3967 obsequiumque
2042 3902 2154 3958 quo
2197 3888 2358 3943 libeat

212 3970 499 4025 Pausanias
536 3969 634 4024 lib.
658 3970 705 4022 1.
732 3970 871 4023 Hinc
899 3981 954 4023 et
964 3968 1241 4041 Theophr-

214 4050 1247 4121 Ηὶει.1.Ν,ο.υ,κοὶλαμοςτ-οξυὼς,

214 4128 425 4183 arundo
455 4130 739 4199 sagittaria,
777 4130 991 4185 Cretica
1028 4128 1245 4183 dicitur.

1332 3968 1475 4022 flecti
1505 3967 1826 4021 calefacto.-
1863 3959 2034 4019 Satn.

1418 4050 1473 4103 8.
1495 4048 1638 4101 Hoec.
1669 4047 1793 4101 Hac
1819 4046 1985 4111 libra,
2022 4048 2126 4101 hoe
2151 4046 2364 4120 pondus

1336 4128 1556 4182 volucre
1576 4166 1592 4198 ,
1627 4126 1742 4181 haec
1774 4126 1956 4198 gratia.
1991 4124 2178 4177 Banu.

1968 4216 2110 4319 37‘
