2984 5009
976 456 1289 525 LIBER
1338 452 1549 524 xvl.

998 612 1039 657 a
1090 544 1350 677 colore,
1402 612 1554 683 quae
1597 588 1682 657 sit
1724 589 2008 658 tenuior.
2053 591 2345 659 Tertiam

192 592 483 663 Alteram
534 587 919 659 nitelinam¹
900 576 950 620 ¹⁴

192 682 581 771 Gallicam¹⁵
586 747 606 781 ,
640 721 789 790 quae
830 696 1233 765 tenuissima.

2205 448 2346 551 593

294 808 513 875 Lxx.
565 805 765 873 Nec
746 828 818 872 m
864 800 1247 887 fruticum,
1288 826 1413 872 nec
1464 802 1534 869 in
1578 802 1882 895 veprium
1941 800 2414 890 cauliumve‚1

190 938 407 1008 neque
441 914 513 979 in
540 910 941 995 herbarum,
978 924 1095 979 aut
1134 908 1265 978 alio
1300 908 1479 993 ullo,
1517 932 1717 1003 quam
1757 933 1880 977 suo
1911 934 2184 1041 genere,
2228 935 2350 979 nu-

191 1033 537 1090 merentur
572 1019 723 1111 jure
764 1016 963 1109 scirpi
983 1013 1305 1111 'fragiles
1338 1014 1827 1111 palustresque‚
1863 1002 1986 1083 ad³
2007 1014 2353 1146 tegulum,

192 1112 636 1222 tegetesquef,
676 1149 715 1192 e
761 1123 1005 1217 quibus
1032 1123 1337 1193 detracto
1372 1124 1658 1208 cortice,
1699 1108 2029 1194 candelae⁵
2085 1122 2353 1192 lumini-

276 1322 297 1356 1
314 1303 369 1355 3.
401 1301 721 1371 Purpuream.
734 1364 743 1373 ·
768 1296 983 1353 Cortice
1012 1318 1041 1353 e
1070 1298 1226 1371 nigro

192 1392 638 1457 purpurascente.
668 1378 809 1431 Du..

275 1468 371 1525 14.
416 1460 706 1515 Νἱεείὶπαυι.
733 1458 887 1511 Ruel.
935 1458 1223 1511 vitellium.

192 1544 305 1596 En.
320 1540 713 1594 ——Nitaelinam.
736 1540 817 1591 Ita
844 1538 996 1591 MSS.
1018 1556 1227 1592 omnes.

190 1625 244 1675 A
272 1622 461 1675 colore
494 1620 665 1683 flavo,
690 1619 776 1673 vel
794 1621 964 1672 rubro
994 1636 1007 1671 ε
1044 1617 1227 1671 eadem

166 1720 309 1774 ,φιτ
338 1718 509 1773 graeca
538 1702 753 1753 rubens.
796 1700 879 1753 De
900 1698 1081 1751 nitelis
1108 1696 1230 1751 vide

190 1800 309 1855 qun
333 1779 572 1835 diximus
596 1779 692 1834 lib.
717 1780 883 1843 vm,
902 1797 1018 1850 cap.
1046 1780 1139 1831 82.
1158 1778 1227 1831 H.

278 1862 371 1915 15.
408 1860 677 1915 Gallicam,
707 1860 921 1914 Colum.
948 1860 1068 1911 loco
1105 1878 1230 1930 pro-

192 1942 339 1995 xime
350 1940 517 1994 citato
529 1978 547 2005 ,
558 1940 764 1992 Gallica
782 1938 1007 1992 obsoleti
1028 1956 1231 2009 purpu-

190 2023 273 2075 rei
297 2034 353 2075 et
376 2019 677 2073 tenuissimi
694 2019 914 2072 viminis
928 2018 1143 2072 dicitur.
1159 2020 1226 2071 H.

270 2101 449 2153 LXX.
492 2115 543 2153 1.
586 2099 693 2153 Nec
735 2104 787 2152 in
818 2100 1055 2166 fruticum
1072 2136 1089 2159 ,
1124 2111 1225 2152 etc.

190 2180 431 2253 legend.
464 2180 617 2233 «Nec
640 2180 699 2231 in
726 2180 1007 2242 fruticum,
1040 2196 1140 2231 nec
1171 2178 1227 2231 in

193 2261 445 2332 veprium
468 2260 773 2313 cauliumve
788 2298 803 2327 ‚
826 2278 927 2313 nec
952 2258 1007 2311 in
1035 2258 1228 2312 herba·

192 2360 315 2394 rum
340 2353 437 2393 aut
456 2340 571 2393 ullo
592 2340 701 2393 alio
728 2358 887 2412 quam
916 2356 1013 2393 suo
1037 2356 1230 2409 genere

190 2434 551 2475 numerentur
578 2422 695 2490 iure
730 2420 895 2491 scirpi
918 2420 1129 2489 fragiles
1139 2436 1231 2490 pa-

192 2502 494 2572 lustre-sque
516 2498 586 2553 ad
614 2500 851 2572 tegillum
868 2512 1223 2571 togaeque.-

192 2580 405 2651 Tegilln
430 2580 627 2634 cuculli
654 2581 738 2633 vel
768 2580 934 2651 petasi
963 2596 1027 2631 ex
1053 2579 1228 2649 scirpo

194 2660 340 2715 facti.
370 2658 593 2731 Scirpum
611 2659 941 2731 grammatici
970 2659 1231 2729 interpre-

194 2753 415 2804 tantur,
464 2767 487 2787 ι
516 2739 575 2793 id
616 2738 763 2811 quod
799 2739 857 2791 in
905 2736 1231 2810 palustribus

129 2884 151 2897 ἱ
192 2820 331 2875 locis
358 2820 615 2885 nascitur,
641 2832 741 2873 eto.
763 2844 787 2867 n
806 2817 922 2871 Hoc
950 2832 1059 2883 est,
1088 2824 1230 2890 φλοῦς

195 2901 536 2955 Graecorum.
579 2901 649 2953 Et
691 2896 839 2972 quod
884 2902 1127 2971 sequitur
1152 2898 1230 2951 sic

194 2981 441 3053 corrige:
460 3006 483 3029 e
498 2980 605 3034 Pro
616 2980 957 3050 maximoque
976 2980 1233 3033 nstiman-

200 3060 237 3113 ti
262 3061 375 3114 hoc
401 3059 646 3113 videatur
686 3078 795 3113 esse
826 3058 973 3131 quod
1000 3061 1057 3112 in
1096 3058 1232 3111 inte·

198 3140 347 3193 riore
367 3154 517 3211 parte
540 3140 803 3194 mundum
823 3158 1089 3212 papyrum
1112 3138 1233 3191 usui

198 3220 308 3274 det.
346 3221 647 3275 Frutectosi
678 3220 885 3291 generis
925 3232 1049 3273 suut
1092 3218 1233 3271 inter

200 3301 469 3372 aquaticas
494 3314 547 3354 et
572 3302 695 3354 rubi
725 3313 884 3371 atque
902 3298 1172 3363 sambucig
1200 3324 1223 3347 ι

200 3382 513 3445 estimanti,
532 3380 740 3453 inquit,
786 3380 1011 3434 virtutes
1036 3378 1227 3451 papyri

198 3460 307 3513 hoc
322 3478 431 3533 pro
446 3462 679 3513 maximo
695 3458 947 3515 videatur
960 3477 1071 3513 esse
1084 3456 1232 3529 quod

202 3540 433 3593 interior
472 3542 587 3612 ejus
608 3558 733 3613 pars
766 3540 1028 3594 mundum
1059 3556 1233 3611 papy-

202 3638 325 3673 rum
370 3622 489 3673 usui
534 3619 657 3685 det,
684 3618 742 3673 id
770 3634 877 3685 est,
906 3618 1101 3673 mundi
1140 3638 1233 3690 pa·

1320 1296 1486 1360 love,
1517 1312 1570 1351 et
1615 1316 1930 1369 procerum,
1971 1299 2114 1355 uude
2161 1313 2355 1373 tegetes

1318 1378 1475 1431 fiunt.
1500 1376 1636 1431 Inde
1662 1380 2012 1450 proverbium
2046 1394 2152 1445 est,
2179 1380 2238 1434 in
2271 1400 2355 1437 eas

1318 1470 1506 1512 natum
1517 1476 1600 1511 res
1613 1498 1628 1523 ,
1641 1476 1759 1531 quae
1771 1459 1970 1513 nullius
1983 1458 2356 1533 impedimenti

1320 1550 1477 1603 sunt,
1501 1540 1568 1591 In
1595 1540 1774 1611 scirpo
1805 1539 2008 1595 nodum
2041 1560 2306 1613 quarere,
2323 1566 2348 1593 s

1320 1620 1446 1690 quia
1472 1618 1608 1672 nihil
1634 1620 1836 1675 rectius
1852 1659 1868 1683 ‚
1893 1633 1948 1674 et
1975 1622 2204 1677 enodius
2233 1624 2358 1693 jun·

1320 1718 1404 1752 co.
1448 1698 1632 1751 ΒΑΜ).

1406 1778 1457 1830 3.
1492 1779 1588 1830 Ad
1607 1780 1838 1849 tegulum.
1870 1780 1958 1834 Ad
1981 1792 2354 1852 tegumentum

1320 1857 1536 1911 odium.
1558 1860 1679 1923 Qua
1698 1878 1830 1913 voce
1844 1860 1954 1933 jam
1973 1875 2094 1914 ante
2115 1880 2238 1915 usus
2255 1862 2357 1914 ini-

1320 1938 1397 1992 tio
1426 1954 1542 2007 cap.
1577 1942 1670 2001 64.
1701 1940 1884 1992 nnn.

1404 2024 1461 2080 4.
1515 2018 1826 2091 Tegetesque.
1875 2020 2080 2074 Glossae
2115 2040 2128 2073 :
2174 2024 2352 2075 Ψὶαοοι

1318 2100 1449 2168 φλοῖν
1456 2118 1507 2150 αι
1525 2137 1540 2163 ,
1565 2110 1742 2168 tegetes
1757 2102 1956 2169 scirpeoe
1971 2140 1985 2163 ‚
2003 2102 2230 2172 stragula
2250 2101 2352 2155 sci·

1318 2176 1444 2231 licet
1472 2196 1502 2229 e
1526 2178 2027 2251 junco‚scir⁷poque.
2059 2182 2148 2234 Sic
2165 2182 2352 2248 etiam,

1318 2269 1540 2311 auctore
1571 2258 1758 2324 Festo,
1795 2285 1817 2306 ιι
1839 2258 2109 2331 Tegillum
2129 2301 2143 2327 ,
2168 2262 2349 2314 cucul-

1317 2334 1614 2390 liunculum
1643 2358 1708 2391 ex
1747 2338 1924 2410 scirpo
1952 2340 2169 2393 factum.
2195 2340 2350 2395 Plau·

1318 2430 1405 2471 tus
1424 2434 1441 2469 z
1464 2418 1734 2489 Tegillum
1759 2420 1888 2472 mihi
1910 2432 2052 2473 aret:
2073 2419 2158 2487 id,
2182 2422 2232 2474 s'r
2244 2422 2350 2489 vis,

1316 2495 1477 2551 dabo.
1507 2524 1530 2545 n
1597 2498 1779 2553 Genus
1819 2500 1978 2553 vestis
2025 2502 2283 2554 nimirum
2321 2522 2350 2556 a

1319 2590 1469 2648 tergo
1501 2577 1804 2649 pendentis,
1835 2579 1981 2650 quod
2013 2581 2248 2652 pluviam
2271 2600 2352 2635 ar-

1318 2660 1471 2711 cebat
1497 2676 1528 2711 a
1569 2660 1776 2729 capite:
1819 2658 2022 2713 dictum
2067 2680 2096 2715 a
2138 2673 2310 2732 tegete
2332 2680 2347 2715 ε

1318 2734 1491 2810 quod,
1521 2752 1580 2791 ut
1620 2750 1844 2811 tegetes,
1884 2758 1916 2793 e
1957 2741 2136 2813 scirpo
2179 2742 2347 2795 fieret.

1320 2818 1457 2871 Sunt
1482 2832 1538 2872 et
1561 2836 1590 2873 e
1619 2818 1758 2883 lino,
1787 2820 1962 2890 palma
1980 2861 1994 2887 ,
2017 2822 2349 2895 cannabique

1320 2911 1533 2970 tegetes.
1555 2898 1660 2951 Des
1683 2912 1856 2952 nattes.
1883 2901 2065 2954 Hmn.

1406 2980 1459 3033 5.
1490 2978 1740 3033 Candeloe.
1763 2978 1961 3034 Addita
1985 2998 2102 3036 cera
2119 3022 2134 3047 ,
2157 2994 2212 3036 et
2233 2982 2350 3053 qui·

1320 3057 1445 3112 dem
1472 3057 1708 3113 odorata.
1758 3060 2016 3115 Paulinus
2059 3062 2346 3117 Nuntiat:

1322 3140 1593 3193 «Lumina
1625 3141 1814 3192 ceratis
1859 3140 2143 3195 adolentur
2182 3141 2348 3195 odora

1319 3220 1554 3291 papyris.
1575 3244 1598 3266 n
1631 3220 1768 3272 Nam
1799 3231 1853 3272 et
1877 3220 2079 3290 scirpos
2097 3240 2188 3274 eos
2209 3222 2350 3273 Lati·

1318 3300 1374 3351 ni
1394 3316 1660 3370 papyrum
1684 3297 1866 3351 dixere
1880 3338 1895 3363 ‚
1910 3319 2022 3352 non
2041 3302 2348 3373 AEgypthm

1318 3378 1459 3432 illam
1493 3376 1750 3450 quidem,
1791 3376 1860 3431 de
1882 3398 1988 3451 qua
2028 3378 2234 3433 dictum
2271 3392 2352 3433 est

1317 3456 1413 3512 lib.
1444 3458 1609 3520 xm,
1633 3456 1727 3510 sed
1771 3459 2032 3524 Italicam,
2060 3474 2118 3513 ut
2149 3460 2352 3516 Glossae

1320 3556 1446 3593 mox
1474 3537 1698 3591 laudatae
1741 3536 1951 3592 docent.
1986 3540 2093 3593 Has
2121 3542 2353 3612 scirpeus

1324 3635 1712 3692 papyraceasve
1749 3619 1886 3671 faces
1928 3637 2079 3673 cerea
2125 3622 2356 3676 imbutas

200 3702 329 3772 pyri
346 3718 506 3753 usum
528 3712 763 3771 prastet.
787 3700 1237 3755 sam-„varias
1324 3701 1504 3754 tunica
1520 3738 1534 3763 ,
1558 3694 1842 3767 λαμπάδ’σις
1861 3700 2216 3771 -κηροχὶτωνσις
2248 3700 2356 3755 ele-

201 3781 293 3834 hic
308 3778 555 3851 designat
564 3780 713 3852 junci
728 3782 813 3833 vel
830 3781 993 3851 scirpi
1010 3780 1211 3851 species
1222 3816 1237 3843 ,

204 3858 275 3915 nd
302 3862 583 3931 πλέγματα.
607 3861 839 3915 maxime
862 3860 1102 3914 idoneas·
1135 3860 1240 3912 En.

292 3962 321 3995 s
334 3980 353 3995 .
374 3940 556 4012 Soispi.
574 3940 777 3995 Glosso
798 3960 814 3994 t·
832 3940 1048 4012 Scir-pus,
1070 3944 1213 4009 φλοῦς
1228 3976 1243 4003 ,

203 4023 457 4093 «ἄπυρος.
486 4020 670 4075 Festus
704 4040 719 4074 :
754 4020 973 4093 scirpus
1009 4046 1031 4068 ι
1054 4031 1135 4071 est
1156 4018 1241 4084 id,

208 4101 358 4175 quod
384 4102 445 4154 in
470 4100 799 4173 palustribus
828 4100 959 4154 locis
976 4099 1246 4163 nascitur,

378 4215 460 4279 V.

1329 3792 1512 3852 gauter
1543 3779 1824 3847 Antipater
1843 3779 1899 3831 in
1937 3780 2229 3854 Antholog.
2259 3782 2357 3835 Pa-

1330 3878 1496 3933 pyros
1535 3876 1656 3911 cera
1685 3856 2038 3913 circumdatas
2079 3874 2232 3915 vocat
2260 3862 2359 3915 Isi-

1330 3939 1500 3997 dorus
1531 3938 1715 4009 Origg.
1743 3938 1836 3991 lib.
1867 3940 1948 3993 xl
1967 3980 1981 4005 ,
1999 3958 2116 4013 cap.
2147 3962 2200 3997 s.
2229 3942 2361 3996 For·

1332 4032 1575 4084 tunatus,
1599 4018 1722 4072 vitae
1746 4017 1802 4072 S.
1827 4018 2016 4074 Hilarii
2044 4022 2148 4075 lib.·
2163 4023 2243 4087 11,
2266 4022 2364 4075 sub

1332 4100 1497 4154 finem
1528 4118 1541 4152 ε
1571 4098 1894 4163 -Quantum
1927 4102 2030 4155 fuit
2076 4102 2216 4156 cerei
2247 4102 2366 4155 lon-

2004 4209 2099 4281 38
