<?xml version="1.0" encoding="UTF-8"?>
<!DOCTYPE html PUBLIC "-//W3C//DTD XHTML 1.0 Transitional//EN"
    "http://www.w3.org/TR/xhtml1/DTD/xhtml1-transitional.dtd">
<html xmlns="http://www.w3.org/1999/xhtml" xml:lang="en" lang="en">
 <head>
  <title>
</title>
<meta http-equiv="Content-Type" content="text/html;charset=utf-8" />
  <meta name='ocr-system' content='tesseract 3.04.00' />
  <meta name='ocr-capabilities' content='ocr_page ocr_carea ocr_par ocr_line ocrx_word'/>
</head>
<body>
  <div class='ocr_page' id='page_1' title='image "./caiipliniisecun07plingoog_0446.png"; bbox 0 0 2984 5009; ppageno 0'>
   <div class='ocr_carea' id='block_1_1' title="bbox 952 449 1516 518">
    <p class='ocr_par' dir='ltr' id='par_1_1' title="bbox 952 449 1516 518">
     <span class='ocr_line' id='line_1_1' title="bbox 952 449 1516 518; baseline -0.005 0"><span class='ocrx_word' id='word_1_1' title='bbox 952 449 1275 518; x_wconf 81' lang='lat' dir='ltr'><strong>LIBER</strong></span> <span class='ocrx_word' id='word_1_2' title='bbox 1338 450 1516 518; x_wconf 85' lang='lat' dir='ltr'><strong>XV.</strong></span> 
     </span>
    </p>
   </div>
   <div class='ocr_carea' id='block_1_2' title="bbox 62 579 2390 891">
    <p class='ocr_par' dir='ltr' id='par_1_2' title="bbox 62 558 2390 895">
     <span class='ocr_line' id='line_1_2' title="bbox 179 579 2322 678; baseline -0.001 -19.155"><span class='ocrx_word' id='word_1_3' title='bbox 179 582 435 658; x_wconf 80' lang='lat' dir='ltr'><strong>Navio&#39;⁹</strong></span> <span class='ocrx_word' id='word_1_4' title='bbox 452 605 732 678; x_wconf 77' lang='lat' dir='ltr'><strong>augure.</strong></span> <span class='ocrx_word' id='word_1_5' title='bbox 768 579 919 652; x_wconf 88' lang='lat' dir='ltr'><strong>Illic</strong></span> <span class='ocrx_word' id='word_1_6' title='bbox 956 584 1195 652; x_wconf 78' lang='lat' dir='ltr'><strong>arescit</strong></span> <span class='ocrx_word' id='word_1_7' title='bbox 1208 584 1293 670; x_wconf 81' lang='lat'><strong>²⁰3</strong></span> <span class='ocrx_word' id='word_1_8' title='bbox 1316 604 1682 676; x_wconf 81' lang='lat' dir='ltr'><strong>rursusque</strong></span> <span class='ocrx_word' id='word_1_9' title='bbox 1709 604 1872 652; x_wconf 83' lang='lat' dir='ltr'><strong>cura</strong></span> <span class='ocrx_word' id='word_1_10' title='bbox 1899 583 2322 655; x_wconf 81' lang='lat' dir='ltr'><strong>sacerdotum</strong></span> 
     </span>
     <span class='ocr_line' id='line_1_3' title="bbox 62 689 2390 776; baseline 0.001 -15"><span class='ocrx_word' id='word_1_11' title='bbox 62 702 65 751; x_wconf 80' lang='grc' dir='ltr'><strong>ἱ</strong></span> <span class='ocrx_word' id='word_1_12' title='bbox 178 695 424 764; x_wconf 82' lang='lat' dir='ltr'><strong>seritur.</strong></span> <span class='ocrx_word' id='word_1_13' title='bbox 472 691 625 760; x_wconf 86' lang='lat' dir='ltr'><strong>Fuit</strong></span> <span class='ocrx_word' id='word_1_14' title='bbox 670 703 740 760; x_wconf 87' lang='lat' dir='ltr'><strong>et</strong></span> <span class='ocrx_word' id='word_1_15' title='bbox 786 703 945 759; x_wconf 85' lang='lat' dir='ltr'><strong>ante</strong></span> <span class='ocrx_word' id='word_1_16' title='bbox 992 691 1263 760; x_wconf 80' lang='lat' dir='ltr'><strong>Saturni</strong></span> <span class='ocrx_word' id='word_1_17' title='bbox 1306 689 1518 760; x_wconf 75' lang='lat' dir='ltr'><strong>aedem</strong></span> <span class='ocrx_word' id='word_1_18' title='bbox 1539 689 1626 776; x_wconf 79' lang='lat'><strong>²¹,</strong></span> <span class='ocrx_word' id='word_1_19' title='bbox 1660 689 1870 758; x_wconf 87' lang='lat' dir='ltr'>Urbis</span> <span class='ocrx_word' id='word_1_20' title='bbox 1911 713 2090 761; x_wconf 86' lang='lat' dir='ltr'><strong>anno</strong></span> <span class='ocrx_word' id='word_1_21' title='bbox 2143 715 2320 764; x_wconf 72' lang='lat' dir='ltr'><strong>ocu</strong></span> <span class='ocrx_word' id='word_1_22' title='bbox 2358 705 2390 763; x_wconf 78' lang='grc'><strong><em>4</em></strong></span> 
     </span>
     <span class='ocr_line' id='line_1_4' title="bbox 179 793 2324 891; baseline 0.002 -23.793"><span class='ocrx_word' id='word_1_23' title='bbox 179 799 462 881; x_wconf 82' lang='lat' dir='ltr'><strong>sublata,</strong></span> <span class='ocrx_word' id='word_1_24' title='bbox 498 821 689 868; x_wconf 82' lang='lat' dir='ltr'><strong>sacro</strong></span> <span class='ocrx_word' id='word_1_25' title='bbox 725 821 767 866; x_wconf 82' lang='lat' dir='ltr'><strong>a</strong></span> <span class='ocrx_word' id='word_1_26' title='bbox 808 794 1191 868; x_wconf 82' lang='lat' dir='ltr'><strong>Vestalibus</strong></span> <span class='ocrx_word' id='word_1_27' title='bbox 1236 797 1415 866; x_wconf 86' lang='lat' dir='ltr'><strong>facto</strong></span> <span class='ocrx_word' id='word_1_28' title='bbox 1438 848 1457 882; x_wconf 92' lang='lat'><strong>‚</strong></span> <span class='ocrx_word' id='word_1_29' title='bbox 1500 819 1708 891; x_wconf 90' lang='lat' dir='ltr'><strong>quum</strong></span> <span class='ocrx_word' id='word_1_30' title='bbox 1753 793 2006 864; x_wconf 85' lang='lat' dir='ltr'><strong>Silvani</strong></span> <span class='ocrx_word' id='word_1_31' title='bbox 2055 799 2324 870; x_wconf 77' lang='lat' dir='ltr'><strong>simula·</strong></span> 
     </span>
    </p>
   </div>
   <div class='ocr_carea' id='block_1_3' title="bbox 178 903 2322 976">
    <p class='ocr_par' dir='ltr' id='par_1_3' title="bbox 62 903 2322 979">
     <span class='ocr_line' id='line_1_5' title="bbox 178 903 2322 976; baseline -0.001 2.897"><span class='ocrx_word' id='word_1_32' title='bbox 178 930 353 974; x_wconf 83' lang='lat' dir='ltr'><strong>crum</strong></span> <span class='ocrx_word' id='word_1_33' title='bbox 392 904 897 976; x_wconf 77' lang='lat' dir='ltr'><strong>subverteoet²².</strong></span> <span class='ocrx_word' id='word_1_34' title='bbox 944 903 1198 974; x_wconf 86' lang='lat' dir='ltr'><strong>Eadem</strong></span> <span class='ocrx_word' id='word_1_35' title='bbox 1246 905 1525 974; x_wconf 87' lang='lat' dir='ltr'><strong>fortuito</strong></span> <span class='ocrx_word' id='word_1_36' title='bbox 1567 916 1720 971; x_wconf 85' lang='lat' dir='ltr'><strong>satu</strong></span> <span class='ocrx_word' id='word_1_37' title='bbox 1764 903 1935 972; x_wconf 78' lang='lat' dir='ltr'><strong>vivit</strong></span> <span class='ocrx_word' id='word_1_38' title='bbox 1985 903 2054 972; x_wconf 86' lang='lat' dir='ltr'><strong>in</strong></span> <span class='ocrx_word' id='word_1_39' title='bbox 2097 905 2322 976; x_wconf 85' lang='lat' dir='ltr'><strong>medio</strong></span> 
     </span>
    </p>
   </div>
   <div class='ocr_carea' id='block_1_4' title="bbox 2161 457 2320 548">
    <p class='ocr_par' dir='ltr' id='par_1_4' title="bbox 2161 457 2320 548">
     <span class='ocr_line' id='line_1_6' title="bbox 2161 457 2320 548; baseline 0.006 -9"><span class='ocrx_word' id='word_1_40' title='bbox 2161 457 2320 548; x_wconf 74' lang='lat'><strong>429</strong></span> 
     </span>
    </p>
   </div>
   <div class='ocr_carea' id='block_1_5' title="bbox 62 992 2325 1108">
    <p class='ocr_par' dir='ltr' id='par_1_5' title="bbox 62 992 2325 1108">
     <span class='ocr_line' id='line_1_7' title="bbox 62 992 2325 1108; baseline 0.003 -29"><span class='ocrx_word' id='word_1_41' title='bbox 62 992 65 1035; x_wconf 62' lang='lat'>³</span> <span class='ocrx_word' id='word_1_42' title='bbox 180 1013 347 1100; x_wconf 84' lang='lat' dir='ltr'><strong>foro,</strong></span> <span class='ocrx_word' id='word_1_43' title='bbox 384 1036 516 1108; x_wconf 83' lang='lat' dir='ltr'><strong>qua</strong></span> <span class='ocrx_word' id='word_1_44' title='bbox 552 1010 835 1081; x_wconf 79' lang='lat' dir='ltr'><strong>sidentia</strong></span> <span class='ocrx_word' id='word_1_45' title='bbox 871 1012 1131 1106; x_wconf 88' lang='lat' dir='ltr'><strong>imperii</strong></span> <span class='ocrx_word' id='word_1_46' title='bbox 1169 1010 1604 1081; x_wconf 86' lang='lat' dir='ltr'><strong>fundamenta</strong></span> <span class='ocrx_word' id='word_1_47' title='bbox 1635 1023 1900 1079; x_wconf 84' lang='lat' dir='ltr'><strong>ostento</strong></span> <span class='ocrx_word' id='word_1_48' title='bbox 1935 1005 2118 1080; x_wconf 84' lang='lat' dir='ltr'><strong>fatali</strong></span> <span class='ocrx_word' id='word_1_49' title='bbox 2155 1015 2325 1084; x_wconf 88' lang='lat' dir='ltr'><strong>Cur·</strong></span> 
     </span>
    </p>
   </div>
   <div class='ocr_carea' id='block_1_6' title="bbox 62 1196 1201 1608">
    <p class='ocr_par' dir='ltr' id='par_1_6' title="bbox 62 1196 1201 1608">
     <span class='ocr_line' id='line_1_8' title="bbox 62 1196 1193 1286; baseline -0.001 -17"><span class='ocrx_word' id='word_1_50' title='bbox 62 1196 65 1247; x_wconf 85' lang='lat'><em>÷</em></span> <span class='ocrx_word' id='word_1_51' title='bbox 176 1213 441 1282; x_wconf 54' lang='lat' dir='ltr'><strong>aeidum</strong></span> <span class='ocrx_word' id='word_1_52' title='bbox 470 1211 597 1268; x_wconf 56' lang='grc' dir='ltr'><strong>νεαρ</strong></span> <span class='ocrx_word' id='word_1_53' title='bbox 615 1213 715 1266; x_wconf 77' lang='lat' dir='ltr'><strong>uh.</strong></span> <span class='ocrx_word' id='word_1_54' title='bbox 734 1213 1060 1286; x_wconf 73' lang='lat' dir='ltr'><strong>xvi1,0ap.</strong></span> <span class='ocrx_word' id='word_1_55' title='bbox 1083 1213 1157 1268; x_wconf 81' lang='lat'><strong>38</strong></span> <span class='ocrx_word' id='word_1_56' title='bbox 1179 1232 1193 1267; x_wconf 67' lang='grc' dir='ltr'><strong><em>ι</em></strong></span> 
     </span>
     <span class='ocr_line' id='line_1_9' title="bbox 62 1293 1199 1359; baseline 0.004 -13"><span class='ocrx_word' id='word_1_57' title='bbox 62 1312 64 1359; x_wconf 76' lang='grc' dir='ltr'>ξ</span> <span class='ocrx_word' id='word_1_58' title='bbox 180 1294 342 1350; x_wconf 76' lang='lat' dir='ltr'><strong>vectii</strong></span> <span class='ocrx_word' id='word_1_59' title='bbox 387 1293 635 1349; x_wconf 77' lang='lat' dir='ltr'><strong>Marcelli</strong></span> <span class='ocrx_word' id='word_1_60' title='bbox 704 1293 904 1347; x_wconf 84' lang='lat' dir='ltr'><strong>oliveto</strong></span> <span class='ocrx_word' id='word_1_61' title='bbox 948 1295 1199 1350; x_wconf 79' lang='lat' dir='ltr'><strong>universo</strong></span> 
     </span>
     <span class='ocr_line' id='line_1_10' title="bbox 62 1372 1199 1448; baseline -0.002 -18"><span class='ocrx_word' id='word_1_62' title='bbox 62 1372 64 1377; x_wconf 67' lang='grc'><strong>’</strong></span> <span class='ocrx_word' id='word_1_63' title='bbox 180 1375 303 1430; x_wconf 80' lang='lat' dir='ltr'><strong>viam</strong></span> <span class='ocrx_word' id='word_1_64' title='bbox 329 1374 603 1448; x_wconf 74' lang='lat' dir='ltr'><strong>publicam</strong></span> <span class='ocrx_word' id='word_1_65' title='bbox 644 1385 970 1446; x_wconf 78' lang='lat' dir='ltr'><strong>transgresso</strong></span> <span class='ocrx_word' id='word_1_66' title='bbox 988 1407 1005 1435; x_wconf 87' lang='lat'>,</span> <span class='ocrx_word' id='word_1_67' title='bbox 1034 1373 1199 1428; x_wconf 82' lang='lat' dir='ltr'><strong>arvis·</strong></span> 
     </span>
     <span class='ocr_line' id='line_1_11' title="bbox 62 1453 1197 1528; baseline -0.003 -18"><span class='ocrx_word' id='word_1_68' title='bbox 62 1460 64 1467; x_wconf 89' lang='lat'>&#39;</span> <span class='ocrx_word' id='word_1_69' title='bbox 174 1475 271 1528; x_wconf 78' lang='lat' dir='ltr'><strong>que</strong></span> <span class='ocrx_word' id='word_1_70' title='bbox 302 1454 431 1511; x_wconf 83' lang='lat' dir='ltr'><strong>inde</strong></span> <span class='ocrx_word' id='word_1_71' title='bbox 452 1474 483 1512; x_wconf 89' lang='lat' dir='ltr'><strong>e</strong></span> <span class='ocrx_word' id='word_1_72' title='bbox 514 1453 791 1510; x_wconf 78' lang='lat' dir='ltr'><strong>contrario</strong></span> <span class='ocrx_word' id='word_1_73' title='bbox 815 1457 874 1508; x_wconf 87' lang='lat' dir='ltr'><strong>in</strong></span> <span class='ocrx_word' id='word_1_74' title='bbox 896 1455 1077 1508; x_wconf 78' lang='lat' dir='ltr'><strong>locum</strong></span> <span class='ocrx_word' id='word_1_75' title='bbox 1099 1455 1197 1523; x_wconf 76' lang='lat' dir='ltr'><strong>oli-</strong></span> 
     </span>
     <span class='ocr_line' id='line_1_12' title="bbox 62 1528 1201 1608; baseline -0.001 -18"><span class='ocrx_word' id='word_1_76' title='bbox 62 1528 64 1533; x_wconf 60' lang='grc'><strong>’</strong></span> <span class='ocrx_word' id='word_1_77' title='bbox 90 1577 107 1589; x_wconf 85' lang='grc'><strong>.</strong></span> <span class='ocrx_word' id='word_1_78' title='bbox 180 1537 277 1590; x_wconf 76' lang='lat' dir='ltr'><strong>veti</strong></span> <span class='ocrx_word' id='word_1_79' title='bbox 301 1536 575 1608; x_wconf 78' lang='lat' dir='ltr'><strong>profectis.</strong></span> <span class='ocrx_word' id='word_1_80' title='bbox 606 1535 673 1588; x_wconf 87' lang='lat' dir='ltr'><strong>Id</strong></span> <span class='ocrx_word' id='word_1_81' title='bbox 697 1553 822 1588; x_wconf 83' lang='lat' dir='ltr'><strong>sane</strong></span> <span class='ocrx_word' id='word_1_82' title='bbox 848 1533 1071 1590; x_wconf 80' lang='lat' dir='ltr'><strong>Tacitus</strong></span> <span class='ocrx_word' id='word_1_83' title='bbox 1090 1537 1201 1590; x_wconf 76' lang='lat' dir='ltr'><strong>exi·</strong></span> 
     </span>
    </p>
   </div>
   <div class='ocr_carea' id='block_1_7' title="bbox 176 1613 1199 1687">
    <p class='ocr_par' dir='ltr' id='par_1_7' title="bbox 176 1613 1199 1687">
     <span class='ocr_line' id='line_1_13' title="bbox 176 1613 1199 1687; baseline 0.001 -17"><span class='ocrx_word' id='word_1_84' title='bbox 176 1615 395 1670; x_wconf 81' lang='lat' dir='ltr'><strong>stimasse</strong></span> <span class='ocrx_word' id='word_1_85' title='bbox 417 1615 593 1670; x_wconf 81' lang='lat' dir='ltr'><strong>videri</strong></span> <span class='ocrx_word' id='word_1_86' title='bbox 622 1615 793 1687; x_wconf 88' lang='lat' dir='ltr'><strong>possit</strong></span> <span class='ocrx_word' id='word_1_87' title='bbox 808 1657 827 1682; x_wconf 84' lang='lat'><strong>‚</strong></span> <span class='ocrx_word' id='word_1_88' title='bbox 872 1617 1064 1670; x_wconf 80' lang='lat' dir='ltr'><strong>Annal.</strong></span> <span class='ocrx_word' id='word_1_89' title='bbox 1100 1613 1199 1671; x_wconf 83' lang='lat' dir='ltr'><strong>lib.</strong></span> 
     </span>
    </p>
   </div>
   <div class='ocr_carea' id='block_1_8' title="bbox 63 1693 1198 1769">
    <p class='ocr_par' dir='ltr' id='par_1_8' title="bbox 63 1693 1198 1769">
     <span class='ocr_line' id='line_1_14' title="bbox 63 1693 1198 1769; baseline -0.002 -18"><span class='ocrx_word' id='word_1_90' title='bbox 63 1758 65 1763; x_wconf 22' lang='grc'>1</span> <span class='ocrx_word' id='word_1_91' title='bbox 178 1697 325 1759; x_wconf 75' lang='lat' dir='ltr'><strong>xm,</strong></span> <span class='ocrx_word' id='word_1_92' title='bbox 354 1715 480 1769; x_wconf 77' lang='lat' dir='ltr'><strong>pag.</strong></span> <span class='ocrx_word' id='word_1_93' title='bbox 524 1714 669 1767; x_wconf 75' lang='lat'>217,</span> <span class='ocrx_word' id='word_1_94' title='bbox 706 1693 803 1767; x_wconf 84' lang='lat' dir='ltr'><strong>qui</strong></span> <span class='ocrx_word' id='word_1_95' title='bbox 836 1695 1053 1749; x_wconf 81' lang='lat' dir='ltr'>Nerone</span> <span class='ocrx_word' id='word_1_96' title='bbox 1092 1708 1198 1749; x_wconf 82' lang='lat' dir='ltr'><strong>ter-</strong></span> 
     </span>
    </p>
   </div>
   <div class='ocr_carea' id='block_1_9' title="bbox 177 1775 1203 1845">
    <p class='ocr_par' dir='ltr' id='par_1_9' title="bbox 177 1775 1203 1845">
     <span class='ocr_line' id='line_1_15' title="bbox 177 1775 1203 1845; baseline 0.003 -16"><span class='ocrx_word' id='word_1_97' title='bbox 177 1778 328 1845; x_wconf 85' lang='lat' dir='ltr'><strong>tium,</strong></span> <span class='ocrx_word' id='word_1_98' title='bbox 348 1776 573 1832; x_wconf 78' lang='lat' dir='ltr'><strong>Valerio</strong></span> <span class='ocrx_word' id='word_1_99' title='bbox 592 1775 816 1830; x_wconf 73' lang='lat' dir='ltr'><strong>Messala</strong></span> <span class='ocrx_word' id='word_1_100' title='bbox 844 1777 999 1831; x_wconf 80' lang='lat' dir='ltr'><strong>Coss.</strong></span> <span class='ocrx_word' id='word_1_101' title='bbox 1016 1776 1203 1835; x_wconf 66' lang='lat' dir='ltr'><strong>scribit</strong></span> 
     </span>
    </p>
   </div>
   <div class='ocr_carea' id='block_1_10' title="bbox 62 1856 1201 1924">
    <p class='ocr_par' dir='ltr' id='par_1_10' title="bbox 62 1856 1201 1924">
     <span class='ocr_line' id='line_1_16' title="bbox 62 1856 1201 1924; baseline 0 -13"><span class='ocrx_word' id='word_1_102' title='bbox 62 1892 64 1895; x_wconf 56' lang='lat'><strong>&gt;</strong></span> <span class='ocrx_word' id='word_1_103' title='bbox 180 1857 510 1914; x_wconf 70' lang='lat' dir='ltr'><strong>Ruminalem</strong></span> <span class='ocrx_word' id='word_1_104' title='bbox 540 1857 816 1924; x_wconf 80' lang='lat' dir='ltr'><strong>arborem,</strong></span> <span class='ocrx_word' id='word_1_105' title='bbox 851 1856 909 1910; x_wconf 86' lang='lat' dir='ltr'><strong>in</strong></span> <span class='ocrx_word' id='word_1_106' title='bbox 932 1856 1201 1923; x_wconf 88' lang='lat' dir='ltr'><strong>Comitio,</strong></span> 
     </span>
    </p>
   </div>
   <div class='ocr_carea' id='block_1_11' title="bbox 177 1935 1202 2090">
    <p class='ocr_par' dir='ltr' id='par_1_11' title="bbox 177 1935 1202 2090">
     <span class='ocr_line' id='line_1_17' title="bbox 178 1935 1201 2003; baseline -0.002 -11"><span class='ocrx_word' id='word_1_107' title='bbox 178 1939 389 1992; x_wconf 75' lang='lat' dir='ltr'><strong>mortuis</strong></span> <span class='ocrx_word' id='word_1_108' title='bbox 448 1935 738 1991; x_wconf 75' lang='lat' dir='ltr'><strong>ramalibus</strong></span> <span class='ocrx_word' id='word_1_109' title='bbox 761 1975 777 2003; x_wconf 88' lang='lat'>,</span> <span class='ocrx_word' id='word_1_110' title='bbox 826 1949 883 1990; x_wconf 90' lang='lat' dir='ltr'><strong>et</strong></span> <span class='ocrx_word' id='word_1_111' title='bbox 933 1950 1201 1991; x_wconf 71' lang='lat' dir='ltr'><strong>arescente</strong></span> 
     </span>
     <span class='ocr_line' id='line_1_18' title="bbox 177 2015 1202 2090; baseline -0.001 -19"><span class='ocrx_word' id='word_1_112' title='bbox 177 2029 358 2072; x_wconf 74' lang='lat' dir='ltr'><strong>meo</strong></span> <span class='ocrx_word' id='word_1_113' title='bbox 414 2015 748 2071; x_wconf 74' lang='lat' dir='ltr'><strong>deminutam</strong></span> <span class='ocrx_word' id='word_1_114' title='bbox 832 2035 942 2073; x_wconf 80' lang='lat' dir='ltr'><strong>esse</strong></span> <span class='ocrx_word' id='word_1_115' title='bbox 968 2056 983 2081; x_wconf 92' lang='lat'><strong>,</strong></span> <span class='ocrx_word' id='word_1_116' title='bbox 1038 2015 1202 2090; x_wconf 86' lang='lat' dir='ltr'><strong>idque</strong></span> 
     </span>
    </p>
   </div>
   <div class='ocr_carea' id='block_1_12' title="bbox 176 2096 1203 2170">
    <p class='ocr_par' dir='ltr' id='par_1_12' title="bbox 176 2096 1203 2170">
     <span class='ocr_line' id='line_1_19' title="bbox 176 2096 1203 2170; baseline -0.001 -18"><span class='ocrx_word' id='word_1_117' title='bbox 176 2098 401 2170; x_wconf 73' lang='lat' dir='ltr'><strong>prodigii</strong></span> <span class='ocrx_word' id='word_1_118' title='bbox 446 2099 569 2154; x_wconf 83' lang='lat' dir='ltr'><strong>loco</strong></span> <span class='ocrx_word' id='word_1_119' title='bbox 612 2097 896 2164; x_wconf 79' lang='lat' dir='ltr'><strong>habitum,</strong></span> <span class='ocrx_word' id='word_1_120' title='bbox 942 2096 1115 2151; x_wconf 83' lang='lat' dir='ltr'><strong>donec</strong></span> <span class='ocrx_word' id='word_1_121' title='bbox 1144 2098 1203 2151; x_wconf 81' lang='lat' dir='ltr'><strong>in</strong></span> 
     </span>
    </p>
   </div>
   <div class='ocr_carea' id='block_1_13' title="bbox 62 2178 1203 2252">
    <p class='ocr_par' dir='ltr' id='par_1_13' title="bbox 62 2178 1203 2252">
     <span class='ocr_line' id='line_1_20' title="bbox 62 2178 1203 2252; baseline -0.001 -20"><span class='ocrx_word' id='word_1_122' title='bbox 62 2178 64 2181; x_wconf 67' lang='grc'>’</span> <span class='ocrx_word' id='word_1_123' title='bbox 174 2197 331 2232; x_wconf 81' lang='lat' dir='ltr'><strong>novos</strong></span> <span class='ocrx_word' id='word_1_124' title='bbox 369 2179 531 2234; x_wconf 75' lang='lat' dir='ltr'><strong>foetus</strong></span> <span class='ocrx_word' id='word_1_125' title='bbox 577 2179 949 2232; x_wconf 76' lang='lat' dir='ltr'><strong>revivisceret:</strong></span> <span class='ocrx_word' id='word_1_126' title='bbox 978 2195 1203 2252; x_wconf 86' lang='lat' dir='ltr'><strong>eamque</strong></span> 
     </span>
    </p>
   </div>
   <div class='ocr_carea' id='block_1_14' title="bbox 172 2259 1201 2491">
    <p class='ocr_par' dir='ltr' id='par_1_14' title="bbox 172 2259 1201 2491">
     <span class='ocr_line' id='line_1_21' title="bbox 176 2259 1201 2330; baseline -0.001 -19"><span class='ocrx_word' id='word_1_127' title='bbox 176 2259 333 2329; x_wconf 79' lang='lat' dir='ltr'><strong>ipsam</strong></span> <span class='ocrx_word' id='word_1_128' title='bbox 369 2277 511 2324; x_wconf 84' lang='lat' dir='ltr'><strong>esse,</strong></span> <span class='ocrx_word' id='word_1_129' title='bbox 550 2285 574 2307; x_wconf 76' lang='grc' dir='ltr'>ι</span> <span class='ocrx_word' id='word_1_130' title='bbox 610 2277 729 2330; x_wconf 79' lang='lat' dir='ltr'><strong>quae</strong></span> <span class='ocrx_word' id='word_1_131' title='bbox 756 2276 919 2329; x_wconf 88' lang='lat' dir='ltr'><strong>super</strong></span> <span class='ocrx_word' id='word_1_132' title='bbox 952 2276 1201 2311; x_wconf 83' lang='lat' dir='ltr'><strong>ncccxxx</strong></span> 
     </span>
     <span class='ocr_line' id='line_1_22' title="bbox 172 2337 1201 2409; baseline 0 -17"><span class='ocrx_word' id='word_1_133' title='bbox 172 2357 333 2394; x_wconf 79' lang='lat' dir='ltr'><strong>annos</strong></span> <span class='ocrx_word' id='word_1_134' title='bbox 360 2339 521 2393; x_wconf 82' lang='lat' dir='ltr'><strong>Remi</strong></span> <span class='ocrx_word' id='word_1_135' title='bbox 564 2339 889 2409; x_wconf 79' lang='lat' dir='ltr'><strong>Romulique</strong></span> <span class='ocrx_word' id='word_1_136' title='bbox 921 2337 1201 2392; x_wconf 72' lang='lat' dir='ltr'><strong>infantiam</strong></span> 
     </span>
     <span class='ocr_line' id='line_1_23' title="bbox 179 2417 1201 2491; baseline -0.002 -19"><span class='ocrx_word' id='word_1_137' title='bbox 179 2431 403 2485; x_wconf 76' lang='lat' dir='ltr'><strong>texerat,</strong></span> <span class='ocrx_word' id='word_1_138' title='bbox 440 2445 467 2468; x_wconf 70' lang='grc' dir='ltr'>ι</span> <span class='ocrx_word' id='word_1_139' title='bbox 502 2435 663 2491; x_wconf 81' lang='lat' dir='ltr'><strong>quam</strong></span> <span class='ocrx_word' id='word_1_140' title='bbox 689 2437 718 2472; x_wconf 83' lang='lat' dir='ltr'><strong>a</strong></span> <span class='ocrx_word' id='word_1_141' title='bbox 746 2417 983 2488; x_wconf 69' lang='lat' dir='ltr'><strong>Comitio</strong></span> <span class='ocrx_word' id='word_1_142' title='bbox 1010 2419 1201 2490; x_wconf 86' lang='lat' dir='ltr'><strong>procul</strong></span> 
     </span>
    </p>
   </div>
   <div class='ocr_carea' id='block_1_15' title="bbox 62 2497 1084 2571">
    <p class='ocr_par' dir='ltr' id='par_1_15' title="bbox 62 2497 1084 2571">
     <span class='ocr_line' id='line_1_24' title="bbox 62 2497 1084 2571; baseline 0.001 -20"><span class='ocrx_word' id='word_1_143' title='bbox 62 2548 64 2551; x_wconf 77' lang='grc'>,</span> <span class='ocrx_word' id='word_1_144' title='bbox 175 2501 397 2571; x_wconf 74' lang='lat' dir='ltr'><strong>positam</strong></span> <span class='ocrx_word' id='word_1_145' title='bbox 426 2499 592 2553; x_wconf 66' lang='lat' dir='ltr'><strong>fuisse</strong></span> <span class='ocrx_word' id='word_1_146' title='bbox 614 2497 866 2552; x_wconf 73' lang='lat' dir='ltr'><strong>vidimus.</strong></span> <span class='ocrx_word' id='word_1_147' title='bbox 898 2498 1084 2552; x_wconf 61' lang='lat' dir='ltr'><strong>Hann.</strong></span> 
     </span>
    </p>
   </div>
   <div class='ocr_carea' id='block_1_16' title="bbox 172 2578 1205 3214">
    <p class='ocr_par' dir='ltr' id='par_1_16' title="bbox 172 2578 1205 3214">
     <span class='ocr_line' id='line_1_25' title="bbox 252 2578 1203 2651; baseline -0.004 -17"><span class='ocrx_word' id='word_1_148' title='bbox 252 2599 339 2651; x_wconf 77' lang='lat'><strong>¹9.</strong></span> <span class='ocrx_word' id='word_1_149' title='bbox 368 2581 500 2634; x_wconf 72' lang='lat' dir='ltr'><strong>Auo</strong></span> <span class='ocrx_word' id='word_1_150' title='bbox 538 2579 719 2632; x_wconf 73' lang='lat' dir='ltr'><strong>Navio.</strong></span> <span class='ocrx_word' id='word_1_151' title='bbox 762 2579 843 2632; x_wconf 89' lang='lat' dir='ltr'><strong>De</strong></span> <span class='ocrx_word' id='word_1_152' title='bbox 864 2578 971 2631; x_wconf 87' lang='lat' dir='ltr'><strong>hoe</strong></span> <span class='ocrx_word' id='word_1_153' title='bbox 995 2595 1203 2649; x_wconf 76' lang='lat' dir='ltr'><strong>augure</strong></span> 
     </span>
     <span class='ocr_line' id='line_1_26' title="bbox 176 2657 1202 2723; baseline -0.002 -9"><span class='ocrx_word' id='word_1_154' title='bbox 176 2657 289 2714; x_wconf 78' lang='lat' dir='ltr'><strong>vide</strong></span> <span class='ocrx_word' id='word_1_155' title='bbox 312 2661 534 2714; x_wconf 72' lang='lat' dir='ltr'><strong>Festum</strong></span> <span class='ocrx_word' id='word_1_156' title='bbox 552 2699 567 2723; x_wconf 85' lang='lat'><strong>,</strong></span> <span class='ocrx_word' id='word_1_157' title='bbox 592 2657 938 2712; x_wconf 74' lang='lat' dir='ltr'><strong>verboNavia</strong></span> <span class='ocrx_word' id='word_1_158' title='bbox 955 2677 973 2710; x_wconf 90' lang='lat'><strong>.·</strong></span> <span class='ocrx_word' id='word_1_159' title='bbox 997 2685 1019 2706; x_wconf 76' lang='grc' dir='ltr'>ι</span> <span class='ocrx_word' id='word_1_160' title='bbox 1043 2658 1202 2712; x_wconf 86' lang='lat' dir='ltr'><strong>Ficus</strong></span> 
     </span>
     <span class='ocr_line' id='line_1_27' title="bbox 172 2737 1203 2814; baseline -0.006 -19"><span class='ocrx_word' id='word_1_161' title='bbox 172 2757 385 2814; x_wconf 54' lang='lat' dir='ltr'><strong>voque</strong></span> <span class='ocrx_word' id='word_1_162' title='bbox 412 2741 473 2794; x_wconf 86' lang='lat' dir='ltr'><strong>in</strong></span> <span class='ocrx_word' id='word_1_163' title='bbox 502 2739 741 2794; x_wconf 85' lang='lat' dir='ltr'><strong>Comitio</strong></span> <span class='ocrx_word' id='word_1_164' title='bbox 772 2737 1071 2810; x_wconf 80' lang='lat' dir='ltr'><strong>appellatur</strong></span> <span class='ocrx_word' id='word_1_165' title='bbox 1099 2739 1203 2791; x_wconf 82' lang='lat' dir='ltr'><strong>Na·</strong></span> 
     </span>
     <span class='ocr_line' id='line_1_28' title="bbox 175 2815 1202 2889; baseline -0.003 -15"><span class='ocrx_word' id='word_1_166' title='bbox 175 2822 255 2874; x_wconf 75' lang='lat' dir='ltr'><strong>via</strong></span> <span class='ocrx_word' id='word_1_167' title='bbox 295 2822 367 2876; x_wconf 80' lang='lat' dir='ltr'><strong>ab</strong></span> <span class='ocrx_word' id='word_1_168' title='bbox 416 2820 567 2875; x_wconf 80' lang='lat' dir='ltr'><strong>Attio</strong></span> <span class='ocrx_word' id='word_1_169' title='bbox 600 2818 775 2872; x_wconf 76' lang='lat' dir='ltr'><strong>Navio</strong></span> <span class='ocrx_word' id='word_1_170' title='bbox 803 2835 1022 2889; x_wconf 80' lang='lat' dir='ltr'><strong>augure.</strong></span> <span class='ocrx_word' id='word_1_171' title='bbox 1061 2815 1202 2871; x_wconf 82' lang='lat' dir='ltr'><strong>Nam</strong></span> 
     </span>
     <span class='ocr_line' id='line_1_29' title="bbox 175 2897 1203 2973; baseline -0.004 -18"><span class='ocrx_word' id='word_1_172' title='bbox 175 2918 339 2972; x_wconf 74' lang='lat' dir='ltr'><strong>quum</strong></span> <span class='ocrx_word' id='word_1_173' title='bbox 376 2900 705 2973; x_wconf 76' lang='lat' dir='ltr'><strong>Tarquinius</strong></span> <span class='ocrx_word' id='word_1_174' title='bbox 744 2897 954 2952; x_wconf 71' lang='lat' dir='ltr'><strong>Priscus</strong></span> <span class='ocrx_word' id='word_1_175' title='bbox 985 2899 1203 2952; x_wconf 82' lang='lat' dir='ltr'><strong>institu-</strong></span> 
     </span>
     <span class='ocr_line' id='line_1_30' title="bbox 178 2979 1203 3045; baseline -0.005 -8"><span class='ocrx_word' id='word_1_176' title='bbox 178 2993 249 3036; x_wconf 78' lang='lat' dir='ltr'><strong>tas</strong></span> <span class='ocrx_word' id='word_1_177' title='bbox 273 2983 449 3036; x_wconf 77' lang='lat' dir='ltr'><strong>tribus</strong></span> <span class='ocrx_word' id='word_1_178' title='bbox 471 3000 502 3034; x_wconf 83' lang='lat' dir='ltr'><strong>a</strong></span> <span class='ocrx_word' id='word_1_179' title='bbox 531 2979 767 3034; x_wconf 81' lang='lat' dir='ltr'><strong>Romulo</strong></span> <span class='ocrx_word' id='word_1_180' title='bbox 788 2991 997 3032; x_wconf 80' lang='lat' dir='ltr'><strong>mutare</strong></span> <span class='ocrx_word' id='word_1_181' title='bbox 1008 2979 1171 3032; x_wconf 76' lang='lat' dir='ltr'><strong>vellet</strong></span> <span class='ocrx_word' id='word_1_182' title='bbox 1186 3016 1203 3045; x_wconf 86' lang='lat'>,</span> 
     </span>
     <span class='ocr_line' id='line_1_31' title="bbox 176 3059 1205 3134; baseline -0.005 -18"><span class='ocrx_word' id='word_1_183' title='bbox 176 3059 641 3134; x_wconf 63' lang='lat' dir='ltr'><strong>timentur-que</strong></span> <span class='ocrx_word' id='word_1_184' title='bbox 666 3061 733 3112; x_wconf 89' lang='lat' dir='ltr'><strong>ab</strong></span> <span class='ocrx_word' id='word_1_185' title='bbox 753 3059 897 3112; x_wconf 76' lang='lat' dir='ltr'><strong>Attio</strong></span> <span class='ocrx_word' id='word_1_186' title='bbox 917 3077 1015 3131; x_wconf 85' lang='lat' dir='ltr'><strong>per</strong></span> <span class='ocrx_word' id='word_1_187' title='bbox 1034 3077 1205 3131; x_wconf 76' lang='lat' dir='ltr'><strong>aug-u-</strong></span> 
     </span>
     <span class='ocr_line' id='line_1_32' title="bbox 176 3138 1203 3214; baseline -0.005 -18"><span class='ocrx_word' id='word_1_188' title='bbox 176 3143 309 3198; x_wconf 81' lang='lat' dir='ltr'><strong>rium</strong></span> <span class='ocrx_word' id='word_1_189' title='bbox 324 3164 343 3210; x_wconf 69' lang='grc' dir='ltr'><strong>ς</strong></span> <span class='ocrx_word' id='word_1_190' title='bbox 362 3155 426 3196; x_wconf 87' lang='lat' dir='ltr'><strong>ut</strong></span> <span class='ocrx_word' id='word_1_191' title='bbox 444 3140 687 3196; x_wconf 76' lang='lat' dir='ltr'><strong>eluderet</strong></span> <span class='ocrx_word' id='word_1_192' title='bbox 700 3142 817 3214; x_wconf 84' lang='lat' dir='ltr'><strong>ejus</strong></span> <span class='ocrx_word' id='word_1_193' title='bbox 833 3138 1175 3212; x_wconf 82' lang='lat' dir='ltr'><strong>prudentiam</strong></span> <span class='ocrx_word' id='word_1_194' title='bbox 1186 3178 1203 3204; x_wconf 87' lang='lat'>‚</span> 
     </span>
    </p>
   </div>
   <div class='ocr_carea' id='block_1_17' title="bbox 178 3219 1261 3296">
    <p class='ocr_par' dir='ltr' id='par_1_17' title="bbox 178 3219 1261 3296">
     <span class='ocr_line' id='line_1_33' title="bbox 178 3219 1261 3296; baseline -0.006 -18"><span class='ocrx_word' id='word_1_195' title='bbox 178 3223 519 3296; x_wconf 72' lang='lat' dir='ltr'><strong>interrogavit</strong></span> <span class='ocrx_word' id='word_1_196' title='bbox 546 3239 673 3276; x_wconf 78' lang='lat' dir='ltr'><strong>eum</strong></span> <span class='ocrx_word' id='word_1_197' title='bbox 698 3260 714 3287; x_wconf 89' lang='lat'><strong>,</strong></span> <span class='ocrx_word' id='word_1_198' title='bbox 758 3239 824 3274; x_wconf 83' lang='lat' dir='ltr'><strong>an</strong></span> <span class='ocrx_word' id='word_1_199' title='bbox 868 3219 988 3274; x_wconf 73' lang='lat' dir='ltr'><strong>fleri</strong></span> <span class='ocrx_word' id='word_1_200' title='bbox 1026 3230 1209 3292; x_wconf 86' lang='lat' dir='ltr'><strong>posset</strong></span> <span class='ocrx_word' id='word_1_201' title='bbox 1254 3232 1261 3238; x_wconf 87' lang='grc'><em>“</em></span> 
     </span>
    </p>
   </div>
   <div class='ocr_carea' id='block_1_18' title="bbox 122 3301 1218 4177">
    <p class='ocr_par' dir='ltr' id='par_1_18' title="bbox 122 3301 1218 4177">
     <span class='ocr_line' id='line_1_34' title="bbox 178 3301 1205 3378; baseline -0.005 -20"><span class='ocrx_word' id='word_1_202' title='bbox 178 3303 408 3378; x_wconf 69' lang='lat' dir='ltr'><strong>idqnod</strong></span> <span class='ocrx_word' id='word_1_203' title='bbox 442 3303 623 3356; x_wconf 82' lang='lat' dir='ltr'><strong>auimo</strong></span> <span class='ocrx_word' id='word_1_204' title='bbox 657 3301 1022 3374; x_wconf 71' lang='lat' dir='ltr'><strong>proposuisset</strong></span> <span class='ocrx_word' id='word_1_205' title='bbox 1065 3318 1166 3353; x_wconf 86' lang='lat' dir='ltr'><strong>suo</strong></span> <span class='ocrx_word' id='word_1_206' title='bbox 1189 3315 1205 3353; x_wconf 69' lang='grc' dir='ltr'><strong><em>ε</em></strong></span> 
     </span>
     <span class='ocr_line' id='line_1_35' title="bbox 174 3381 1209 3456; baseline -0.005 -18"><span class='ocrx_word' id='word_1_207' title='bbox 174 3385 259 3438; x_wconf 81' lang='lat' dir='ltr'><strong>eui</strong></span> <span class='ocrx_word' id='word_1_208' title='bbox 284 3385 378 3439; x_wconf 76' lang='lat' dir='ltr'><strong>ille</strong></span> <span class='ocrx_word' id='word_1_209' title='bbox 406 3384 751 3456; x_wconf 81' lang='lat' dir='ltr'><strong>permittente</strong></span> <span class='ocrx_word' id='word_1_210' title='bbox 784 3381 1009 3453; x_wconf 79' lang='lat' dir='ltr'><strong>augurio</strong></span> <span class='ocrx_word' id='word_1_211' title='bbox 1035 3399 1209 3452; x_wconf 83' lang='lat' dir='ltr'><strong>quum</strong></span> 
     </span>
     <span class='ocr_line' id='line_1_36' title="bbox 178 3461 1212 3537; baseline -0.006 -17"><span class='ocrx_word' id='word_1_212' title='bbox 178 3463 535 3537; x_wconf 68' lang='lat' dir='ltr'><strong>respondisset</strong></span> <span class='ocrx_word' id='word_1_213' title='bbox 550 3461 697 3516; x_wconf 84' lang='lat' dir='ltr'><strong>effici</strong></span> <span class='ocrx_word' id='word_1_214' title='bbox 724 3479 913 3533; x_wconf 87' lang='lat' dir='ltr'><strong>posse,</strong></span> <span class='ocrx_word' id='word_1_215' title='bbox 935 3462 1095 3533; x_wconf 86' lang='lat' dir='ltr'><strong>jussit</strong></span> <span class='ocrx_word' id='word_1_216' title='bbox 1117 3479 1212 3514; x_wconf 86' lang='lat' dir='ltr'><strong>rex</strong></span> 
     </span>
     <span class='ocr_line' id='line_1_37' title="bbox 178 3541 1214 3608; baseline -0.007 -8"><span class='ocrx_word' id='word_1_217' title='bbox 178 3559 348 3600; x_wconf 82' lang='lat' dir='ltr'><strong>cotem</strong></span> <span class='ocrx_word' id='word_1_218' title='bbox 372 3557 428 3599; x_wconf 83' lang='lat' dir='ltr'><strong>et</strong></span> <span class='ocrx_word' id='word_1_219' title='bbox 442 3543 761 3597; x_wconf 75' lang='lat' dir='ltr'><strong>novaculam</strong></span> <span class='ocrx_word' id='word_1_220' title='bbox 777 3581 793 3608; x_wconf 87' lang='lat'><strong>,</strong></span> <span class='ocrx_word' id='word_1_221' title='bbox 822 3553 925 3596; x_wconf 82' lang='lat' dir='ltr'><strong>etc.</strong></span> <span class='ocrx_word' id='word_1_222' title='bbox 948 3565 973 3588; x_wconf 76' lang='grc' dir='ltr'><strong>ιι</strong></span> <span class='ocrx_word' id='word_1_223' title='bbox 994 3541 1064 3594; x_wconf 88' lang='lat' dir='ltr'><strong>Et</strong></span> <span class='ocrx_word' id='word_1_224' title='bbox 1084 3541 1214 3594; x_wconf 82' lang='lat' dir='ltr'><strong>Tul-</strong></span> 
     </span>
     <span class='ocr_line' id='line_1_38' title="bbox 122 3622 1209 3694; baseline -0.003 -16"><span class='ocrx_word' id='word_1_225' title='bbox 122 3639 127 3642; x_wconf 80' lang='lat'>·</span> <span class='ocrx_word' id='word_1_226' title='bbox 178 3625 311 3680; x_wconf 77' lang='lat' dir='ltr'><strong>lium</strong></span> <span class='ocrx_word' id='word_1_227' title='bbox 347 3625 417 3679; x_wconf 85' lang='lat' dir='ltr'><strong>de</strong></span> <span class='ocrx_word' id='word_1_228' title='bbox 461 3624 646 3678; x_wconf 79' lang='lat' dir='ltr'><strong>Divin.</strong></span> <span class='ocrx_word' id='word_1_229' title='bbox 690 3622 787 3676; x_wconf 81' lang='lat' dir='ltr'><strong>lib.</strong></span> <span class='ocrx_word' id='word_1_230' title='bbox 817 3623 845 3674; x_wconf 91' lang='lat'>1</span> <span class='ocrx_word' id='word_1_231' title='bbox 860 3660 876 3688; x_wconf 86' lang='lat'>,</span> <span class='ocrx_word' id='word_1_232' title='bbox 916 3639 1039 3694; x_wconf 74' lang='lat' dir='ltr'><strong>pag.</strong></span> <span class='ocrx_word' id='word_1_233' title='bbox 1084 3639 1209 3692; x_wconf 84' lang='lat'><strong>170.</strong></span> 
     </span>
     <span class='ocr_line' id='line_1_39' title="bbox 182 3702 1213 3776; baseline -0.004 -18"><span class='ocrx_word' id='word_1_234' title='bbox 182 3707 335 3760; x_wconf 80' lang='lat' dir='ltr'><strong>Hunc</strong></span> <span class='ocrx_word' id='word_1_235' title='bbox 349 3706 533 3759; x_wconf 90' lang='lat' dir='ltr'><strong>locum</strong></span> <span class='ocrx_word' id='word_1_236' title='bbox 549 3704 702 3776; x_wconf 87' lang='lat' dir='ltr'><strong>prior</strong></span> <span class='ocrx_word' id='word_1_237' title='bbox 720 3702 1009 3756; x_wconf 84' lang='lat' dir='ltr'><strong>Turnebus</strong></span> <span class='ocrx_word' id='word_1_238' title='bbox 1028 3719 1213 3754; x_wconf 85' lang='lat' dir='ltr'><strong>emen-</strong></span> 
     </span>
     <span class='ocr_line' id='line_1_40' title="bbox 182 3781 1213 3853; baseline -0.006 -13"><span class='ocrx_word' id='word_1_239' title='bbox 182 3783 362 3848; x_wconf 72' lang='lat' dir='ltr'><strong>davit,</strong></span> <span class='ocrx_word' id='word_1_240' title='bbox 386 3784 563 3839; x_wconf 75' lang='lat' dir='ltr'><strong>Advv.</strong></span> <span class='ocrx_word' id='word_1_241' title='bbox 580 3785 676 3838; x_wconf 85' lang='lat' dir='ltr'><strong>lib.</strong></span> <span class='ocrx_word' id='word_1_242' title='bbox 697 3781 916 3836; x_wconf 82' lang='lat' dir='ltr'><strong>xxvn</strong></span> <span class='ocrx_word' id='word_1_243' title='bbox 931 3821 947 3847; x_wconf 90' lang='lat'>‚</span> <span class='ocrx_word' id='word_1_244' title='bbox 970 3799 1090 3853; x_wconf 81' lang='lat' dir='ltr'><strong>cap.</strong></span> <span class='ocrx_word' id='word_1_245' title='bbox 1122 3799 1213 3852; x_wconf 83' lang='lat'><strong>17,</strong></span> 
     </span>
     <span class='ocr_line' id='line_1_41' title="bbox 184 3863 1217 3940; baseline -0.009 -19"><span class='ocrx_word' id='word_1_246' title='bbox 184 3871 414 3940; x_wconf 74' lang='lat' dir='ltr'><strong>pag-961</strong></span> <span class='ocrx_word' id='word_1_247' title='bbox 435 3883 629 3936; x_wconf 85' lang='lat' dir='ltr'><strong>,quum</strong></span> <span class='ocrx_word' id='word_1_248' title='bbox 646 3863 799 3938; x_wconf 86' lang='lat' dir='ltr'><strong>prius</strong></span> <span class='ocrx_word' id='word_1_249' title='bbox 822 3863 1001 3915; x_wconf 73' lang='lat' dir='ltr'><strong>adacto</strong></span> <span class='ocrx_word' id='word_1_250' title='bbox 1019 3864 1217 3932; x_wconf 61' lang='lat' dir='ltr'><strong>navigio</strong></span> 
     </span>
     <span class='ocr_line' id='line_1_42' title="bbox 186 3942 1217 4018; baseline -0.008 -15"><span class='ocrx_word' id='word_1_251' title='bbox 186 3945 459 4018; x_wconf 68' lang='lat' dir='ltr'><strong>legeretur.</strong></span> <span class='ocrx_word' id='word_1_252' title='bbox 480 3947 547 3998; x_wconf 87' lang='lat' dir='ltr'><strong>In</strong></span> <span class='ocrx_word' id='word_1_253' title='bbox 568 3947 698 4016; x_wconf 74' lang='lat' dir='ltr'><strong>Reg.</strong></span> <span class='ocrx_word' id='word_1_254' title='bbox 724 3965 755 3997; x_wconf 72' lang='lat' dir='ltr'><strong>s</strong></span> <span class='ocrx_word' id='word_1_255' title='bbox 800 3942 923 3998; x_wconf 86' lang='lat' dir='ltr'><strong>cod.</strong></span> <span class='ocrx_word' id='word_1_256' title='bbox 966 3953 1086 3996; x_wconf 86' lang='lat' dir='ltr'><strong>tum</strong></span> <span class='ocrx_word' id='word_1_257' title='bbox 1108 3942 1217 3995; x_wconf 84' lang='lat' dir='ltr'><strong>boc</strong></span> 
     </span>
     <span class='ocr_line' id='line_1_43' title="bbox 186 4021 1218 4088; baseline -0.004 -11"><span class='ocrx_word' id='word_1_258' title='bbox 186 4026 303 4079; x_wconf 80' lang='lat' dir='ltr'><strong>loco</strong></span> <span class='ocrx_word' id='word_1_259' title='bbox 330 4029 456 4081; x_wconf 79' lang='lat' dir='ltr'><strong>Ano</strong></span> <span class='ocrx_word' id='word_1_260' title='bbox 484 4025 647 4078; x_wconf 80' lang='lat' dir='ltr'><strong>Navio</strong></span> <span class='ocrx_word' id='word_1_261' title='bbox 664 4064 680 4088; x_wconf 90' lang='lat'><em>,</em></span> <span class='ocrx_word' id='word_1_262' title='bbox 706 4036 823 4078; x_wconf 86' lang='lat' dir='ltr'><strong>tum</strong></span> <span class='ocrx_word' id='word_1_263' title='bbox 835 4025 930 4078; x_wconf 84' lang='lat' dir='ltr'><strong>lib.</strong></span> <span class='ocrx_word' id='word_1_264' title='bbox 952 4021 1218 4088; x_wconf 76' lang='lat' dir='ltr'><strong>xxx-tv,</strong></span> 
     </span>
     <span class='ocr_line' id='line_1_44' title="bbox 186 4105 1217 4177; baseline -0.005 -16"><span class='ocrx_word' id='word_1_265' title='bbox 186 4123 301 4176; x_wconf 74' lang='lat' dir='ltr'><strong>cap.</strong></span> <span class='ocrx_word' id='word_1_266' title='bbox 336 4125 357 4160; x_wconf 78' lang='grc' dir='ltr'><strong>ι</strong></span> <span class='ocrx_word' id='word_1_267' title='bbox 372 4125 419 4174; x_wconf 78' lang='lat'><strong>1,</strong></span> <span class='ocrx_word' id='word_1_268' title='bbox 440 4106 557 4159; x_wconf 74' lang='lat' dir='ltr'><strong>Aeta·</strong></span> <span class='ocrx_word' id='word_1_269' title='bbox 576 4105 754 4174; x_wconf 74' lang='grc' dir='ltr'><strong><em>Ναοίἱ,</em></strong></span> <span class='ocrx_word' id='word_1_270' title='bbox 780 4106 1039 4177; x_wconf 77' lang='lat' dir='ltr'><strong>seriptum</strong></span> <span class='ocrx_word' id='word_1_271' title='bbox 1058 4119 1217 4175; x_wconf 81' lang='lat' dir='ltr'><strong>repe-</strong></span> 
     </span>
    </p>
   </div>
   <div class='ocr_carea' id='block_1_19' title="bbox 1282 1211 2404 3366">
    <p class='ocr_par' dir='ltr' id='par_1_19' title="bbox 1282 1211 2404 3195">
     <span class='ocr_line' id='line_1_45' title="bbox 1283 1211 2326 1287; baseline 0.005 -20"><span class='ocrx_word' id='word_1_272' title='bbox 1283 1213 1473 1268; x_wconf 86' lang='lat' dir='ltr'><strong>rimus.</strong></span> <span class='ocrx_word' id='word_1_273' title='bbox 1502 1211 1596 1266; x_wconf 87' lang='lat' dir='ltr'><strong>Est</strong></span> <span class='ocrx_word' id='word_1_274' title='bbox 1622 1212 1717 1284; x_wconf 79' lang='lat' dir='ltr'><strong>qui</strong></span> <span class='ocrx_word' id='word_1_275' title='bbox 1747 1212 1928 1266; x_wconf 88' lang='lat' dir='ltr'><strong>locum</strong></span> <span class='ocrx_word' id='word_1_276' title='bbox 1955 1213 2226 1287; x_wconf 78' lang='lat' dir='ltr'><strong>integrum</strong></span> <span class='ocrx_word' id='word_1_277' title='bbox 2247 1215 2326 1272; x_wconf 75' lang='lat' dir='ltr'><strong>ita</strong></span> 
     </span>
     <span class='ocr_line' id='line_1_46' title="bbox 1284 1293 2324 1367; baseline 0.002 -19"><span class='ocrx_word' id='word_1_278' title='bbox 1284 1293 1616 1348; x_wconf 77' lang='lat' dir='ltr'><strong>concinnet:</strong></span> <span class='ocrx_word' id='word_1_279' title='bbox 1645 1319 1669 1341; x_wconf 76' lang='grc' dir='ltr'>ι</span> <span class='ocrx_word' id='word_1_280' title='bbox 1709 1293 1824 1345; x_wconf 82' lang='lat' dir='ltr'><strong>Atti</strong></span> <span class='ocrx_word' id='word_1_281' title='bbox 1873 1293 2030 1347; x_wconf 81' lang='lat' dir='ltr'><strong>Navii</strong></span> <span class='ocrx_word' id='word_1_282' title='bbox 2075 1295 2324 1367; x_wconf 76' lang='lat' dir='ltr'><strong>augurio.</strong></span> 
     </span>
     <span class='ocr_line' id='line_1_47' title="bbox 1286 1370 2326 1445; baseline 0.003 -18"><span class='ocrx_word' id='word_1_283' title='bbox 1286 1373 1343 1428; x_wconf 87' lang='lat' dir='ltr'><strong>Si</strong></span> <span class='ocrx_word' id='word_1_284' title='bbox 1370 1370 1590 1445; x_wconf 86' lang='lat' dir='ltr'><strong>quando</strong></span> <span class='ocrx_word' id='word_1_285' title='bbox 1623 1374 1840 1438; x_wconf 78' lang='lat' dir='ltr'><strong>arescit,</strong></span> <span class='ocrx_word' id='word_1_286' title='bbox 1871 1393 2056 1428; x_wconf 86' lang='lat' dir='ltr'><strong>rursus</strong></span> <span class='ocrx_word' id='word_1_287' title='bbox 2086 1394 2216 1429; x_wconf 89' lang='lat' dir='ltr'><strong>cura</strong></span> <span class='ocrx_word' id='word_1_288' title='bbox 2243 1395 2326 1430; x_wconf 82' lang='lat' dir='ltr'><strong>sa-</strong></span> 
     </span>
     <span class='ocr_line' id='line_1_48' title="bbox 1282 1453 2326 1520; baseline 0.002 -12"><span class='ocrx_word' id='word_1_289' title='bbox 1282 1453 1570 1508; x_wconf 75' lang='lat' dir='ltr'><strong>cerdotum</strong></span> <span class='ocrx_word' id='word_1_290' title='bbox 1595 1454 1815 1520; x_wconf 82' lang='lat' dir='ltr'><strong>seritur,</strong></span> <span class='ocrx_word' id='word_1_291' title='bbox 1845 1467 1948 1508; x_wconf 89' lang='lat' dir='ltr'><strong>etc.</strong></span> <span class='ocrx_word' id='word_1_292' title='bbox 1980 1481 2003 1503; x_wconf 74' lang='grc' dir='ltr'>ι</span> <span class='ocrx_word' id='word_1_293' title='bbox 2049 1454 2158 1510; x_wconf 79' lang='lat' dir='ltr'><strong>Sed</strong></span> <span class='ocrx_word' id='word_1_294' title='bbox 2181 1473 2326 1510; x_wconf 85' lang='lat' dir='ltr'><strong>reee-</strong></span> 
     </span>
     <span class='ocr_line' id='line_1_49' title="bbox 1284 1532 2326 1608; baseline 0.004 -20"><span class='ocrx_word' id='word_1_295' title='bbox 1284 1532 1413 1588; x_wconf 75' lang='lat' dir='ltr'><strong>dere</strong></span> <span class='ocrx_word' id='word_1_296' title='bbox 1442 1534 1491 1588; x_wconf 91' lang='lat' dir='ltr'><strong>is</strong></span> <span class='ocrx_word' id='word_1_297' title='bbox 1521 1533 1734 1606; x_wconf 75' lang='lat' dir='ltr'><strong>longius</strong></span> <span class='ocrx_word' id='word_1_298' title='bbox 1770 1534 1988 1590; x_wconf 74' lang='lat' dir='ltr'><strong>videtur</strong></span> <span class='ocrx_word' id='word_1_299' title='bbox 2017 1553 2050 1587; x_wconf 81' lang='lat' dir='ltr'><strong>a</strong></span> <span class='ocrx_word' id='word_1_300' title='bbox 2090 1536 2326 1608; x_wconf 68' lang='lat' dir='ltr'><strong>vestigiis</strong></span> 
     </span>
     <span class='ocr_line' id='line_1_50' title="bbox 1285 1615 2328 1687; baseline 0.005 -19"><span class='ocrx_word' id='word_1_301' title='bbox 1285 1615 1479 1669; x_wconf 78' lang='lat' dir='ltr'><strong>veteris</strong></span> <span class='ocrx_word' id='word_1_302' title='bbox 1554 1615 1850 1687; x_wconf 74' lang='lat' dir='ltr'><strong>scriptum.</strong></span> <span class='ocrx_word' id='word_1_303' title='bbox 1927 1617 2022 1670; x_wconf 87' lang='lat' dir='ltr'><strong>Est</strong></span> <span class='ocrx_word' id='word_1_304' title='bbox 2086 1635 2152 1670; x_wconf 82' lang='lat' dir='ltr'><strong>ex</strong></span> <span class='ocrx_word' id='word_1_305' title='bbox 2223 1636 2328 1674; x_wconf 66' lang='lat' dir='ltr'><strong>ore</strong></span> 
     </span>
     <span class='ocr_line' id='line_1_51' title="bbox 1284 1693 2325 1770; baseline 0.003 -22"><span class='ocrx_word' id='word_1_306' title='bbox 1284 1695 1536 1748; x_wconf 66' lang='lat' dir='ltr'><strong>maxima</strong></span> <span class='ocrx_word' id='word_1_307' title='bbox 1563 1693 1720 1748; x_wconf 85' lang='lat' dir='ltr'><strong>molis</strong></span> <span class='ocrx_word' id='word_1_308' title='bbox 1745 1715 1999 1750; x_wconf 85' lang='lat' dir='ltr'><strong>nummus</strong></span> <span class='ocrx_word' id='word_1_309' title='bbox 2025 1697 2280 1770; x_wconf 82' lang='lat' dir='ltr'><strong>antiquus</strong></span> <span class='ocrx_word' id='word_1_310' title='bbox 2307 1738 2325 1763; x_wconf 82' lang='lat'>‚</span> 
     </span>
     <span class='ocr_line' id='line_1_52' title="bbox 1286 1774 2323 1848; baseline 0.002 -20"><span class='ocrx_word' id='word_1_311' title='bbox 1286 1774 1574 1828; x_wconf 73' lang='lat' dir='ltr'><strong>Antonino</strong></span> <span class='ocrx_word' id='word_1_312' title='bbox 1600 1775 1699 1828; x_wconf 84' lang='lat' dir='ltr'><strong>Pio</strong></span> <span class='ocrx_word' id='word_1_313' title='bbox 1731 1777 1984 1848; x_wconf 85' lang='lat' dir='ltr'><strong>principe</strong></span> <span class='ocrx_word' id='word_1_314' title='bbox 2019 1793 2177 1830; x_wconf 78' lang='lat' dir='ltr'><strong>casus</strong></span> <span class='ocrx_word' id='word_1_315' title='bbox 2197 1813 2214 1840; x_wconf 90' lang='lat'>‚</span> <span class='ocrx_word' id='word_1_316' title='bbox 2265 1777 2323 1830; x_wconf 84' lang='lat' dir='ltr'><strong>in</strong></span> 
     </span>
     <span class='ocr_line' id='line_1_53' title="bbox 1284 1855 2324 1928; baseline 0.002 -18"><span class='ocrx_word' id='word_1_317' title='bbox 1284 1855 1503 1910; x_wconf 84' lang='lat' dir='ltr'><strong>cimelio</strong></span> <span class='ocrx_word' id='word_1_318' title='bbox 1529 1855 1972 1912; x_wconf 83' lang='lat' dir='ltr'><strong>Christianissimi</strong></span> <span class='ocrx_word' id='word_1_319' title='bbox 1988 1856 2144 1928; x_wconf 71' lang='lat' dir='ltr'><strong>Regis</strong></span> <span class='ocrx_word' id='word_1_320' title='bbox 2158 1896 2174 1921; x_wconf 90' lang='lat'>‚</span> <span class='ocrx_word' id='word_1_321' title='bbox 2197 1874 2324 1912; x_wconf 80' lang='lat' dir='ltr'><strong>oum</strong></span> 
     </span>
     <span class='ocr_line' id='line_1_54' title="bbox 1286 1935 2320 2010; baseline -0.001 -20"><span class='ocrx_word' id='word_1_322' title='bbox 1286 1935 1386 1990; x_wconf 77' lang='lat' dir='ltr'><strong>isto</strong></span> <span class='ocrx_word' id='word_1_323' title='bbox 1432 1937 1680 1991; x_wconf 84' lang='lat' dir='ltr'><strong>lemmate</strong></span> <span class='ocrx_word' id='word_1_324' title='bbox 1743 1937 1799 1989; x_wconf 87' lang='lat' dir='ltr'><strong>in</strong></span> <span class='ocrx_word' id='word_1_325' title='bbox 1863 1937 1974 1990; x_wconf 88' lang='lat' dir='ltr'><strong>imo</strong></span> <span class='ocrx_word' id='word_1_326' title='bbox 2029 1937 2269 2010; x_wconf 79' lang='lat' dir='ltr'><strong>margine</strong></span> <span class='ocrx_word' id='word_1_327' title='bbox 2303 1978 2320 2001; x_wconf 88' lang='lat'><em>,</em></span> 
     </span>
     <span class='ocr_line' id='line_1_55' title="bbox 1286 2015 2326 2090; baseline 0.004 -22"><span class='ocrx_word' id='word_1_328' title='bbox 1286 2033 1501 2070; x_wconf 67' lang='lat' dir='ltr'><strong>nsvtvs.</strong></span> <span class='ocrx_word' id='word_1_329' title='bbox 1549 2016 1694 2070; x_wconf 84' lang='lat' dir='ltr'><strong>Cave</strong></span> <span class='ocrx_word' id='word_1_330' title='bbox 1732 2035 1900 2090; x_wconf 88' lang='lat' dir='ltr'><strong>porro</strong></span> <span class='ocrx_word' id='word_1_331' title='bbox 1940 2015 2008 2070; x_wconf 86' lang='lat' dir='ltr'><strong>ad</strong></span> <span class='ocrx_word' id='word_1_332' title='bbox 2037 2015 2183 2070; x_wconf 88' lang='lat' dir='ltr'><strong>hunc</strong></span> <span class='ocrx_word' id='word_1_333' title='bbox 2213 2017 2326 2072; x_wconf 82' lang='lat' dir='ltr'><strong>Na·</strong></span> 
     </span>
     <span class='ocr_line' id='line_1_56' title="bbox 1284 2097 2328 2170; baseline 0.003 -22"><span class='ocrx_word' id='word_1_334' title='bbox 1284 2097 1431 2150; x_wconf 70' lang='lat' dir='ltr'><strong>vium</strong></span> <span class='ocrx_word' id='word_1_335' title='bbox 1454 2099 1708 2168; x_wconf 74' lang='lat' dir='ltr'><strong>augurem</strong></span> <span class='ocrx_word' id='word_1_336' title='bbox 1729 2097 1944 2150; x_wconf 81' lang='lat' dir='ltr'><strong>referas.</strong></span> <span class='ocrx_word' id='word_1_337' title='bbox 1971 2097 2085 2150; x_wconf 76' lang='lat' dir='ltr'><strong>Stat</strong></span> <span class='ocrx_word' id='word_1_338' title='bbox 2101 2098 2328 2170; x_wconf 83' lang='lat' dir='ltr'><strong>impera·</strong></span> 
     </span>
     <span class='ocr_line' id='line_1_57' title="bbox 1285 2176 2326 2248; baseline 0.002 -18"><span class='ocrx_word' id='word_1_339' title='bbox 1285 2189 1374 2230; x_wconf 88' lang='lat' dir='ltr'><strong>tor</strong></span> <span class='ocrx_word' id='word_1_340' title='bbox 1402 2178 1545 2231; x_wconf 87' lang='lat' dir='ltr'><strong>inter</strong></span> <span class='ocrx_word' id='word_1_341' title='bbox 1589 2176 1726 2231; x_wconf 89' lang='lat' dir='ltr'><strong>duos</strong></span> <span class='ocrx_word' id='word_1_342' title='bbox 1763 2189 1972 2232; x_wconf 80' lang='lat' dir='ltr'><strong>montes</strong></span> <span class='ocrx_word' id='word_1_343' title='bbox 1996 2219 2012 2240; x_wconf 88' lang='lat'><strong>,</strong></span> <span class='ocrx_word' id='word_1_344' title='bbox 2069 2181 2164 2248; x_wconf 86' lang='lat' dir='ltr'><strong>qui</strong></span> <span class='ocrx_word' id='word_1_345' title='bbox 2201 2189 2326 2232; x_wconf 86' lang='lat' dir='ltr'><strong>sunt</strong></span> 
     </span>
     <span class='ocr_line' id='line_1_58' title="bbox 1286 2253 2325 2328; baseline 0.001 -18"><span class='ocrx_word' id='word_1_346' title='bbox 1286 2253 1356 2310; x_wconf 86' lang='lat' dir='ltr'><strong>ad</strong></span> <span class='ocrx_word' id='word_1_347' title='bbox 1410 2258 1574 2328; x_wconf 86' lang='lat' dir='ltr'><strong>pedes</strong></span> <span class='ocrx_word' id='word_1_348' title='bbox 1629 2256 1786 2328; x_wconf 88' lang='lat' dir='ltr'><strong>positi</strong></span> <span class='ocrx_word' id='word_1_349' title='bbox 1813 2295 1828 2321; x_wconf 88' lang='lat'>,</span> <span class='ocrx_word' id='word_1_350' title='bbox 1875 2269 1927 2310; x_wconf 89' lang='lat' dir='ltr'><strong>et</strong></span> <span class='ocrx_word' id='word_1_351' title='bbox 1967 2258 2128 2310; x_wconf 88' lang='lat' dir='ltr'><strong>situm</strong></span> <span class='ocrx_word' id='word_1_352' title='bbox 2173 2258 2325 2312; x_wconf 88' lang='lat' dir='ltr'><strong>urbis</strong></span> 
     </span>
     <span class='ocr_line' id='line_1_59' title="bbox 1286 2337 2326 2408; baseline 0.001 -17"><span class='ocrx_word' id='word_1_353' title='bbox 1286 2337 1556 2405; x_wconf 77' lang='lat' dir='ltr'><strong>indicant3</strong></span> <span class='ocrx_word' id='word_1_354' title='bbox 1584 2337 1824 2391; x_wconf 81' lang='lat' dir='ltr'><strong>laureato</strong></span> <span class='ocrx_word' id='word_1_355' title='bbox 1855 2337 2060 2406; x_wconf 82' lang='lat' dir='ltr'><strong>capite,</strong></span> <span class='ocrx_word' id='word_1_356' title='bbox 2087 2349 2326 2408; x_wconf 79' lang='lat' dir='ltr'><strong>togatus,</strong></span> 
     </span>
     <span class='ocr_line' id='line_1_60' title="bbox 1285 2417 2325 2488; baseline 0.002 -18"><span class='ocrx_word' id='word_1_357' title='bbox 1285 2417 1510 2472; x_wconf 82' lang='lat' dir='ltr'><strong>brachio</strong></span> <span class='ocrx_word' id='word_1_358' title='bbox 1569 2417 1782 2471; x_wconf 84' lang='lat' dir='ltr'><strong>sinistro</strong></span> <span class='ocrx_word' id='word_1_359' title='bbox 1849 2429 2063 2471; x_wconf 82' lang='lat' dir='ltr'><strong>extento</strong></span> <span class='ocrx_word' id='word_1_360' title='bbox 2112 2417 2325 2488; x_wconf 78' lang='lat' dir='ltr'><strong>pacifici</strong></span> 
     </span>
     <span class='ocr_line' id='line_1_61' title="bbox 1285 2495 2404 2571; baseline 0.001 -20"><span class='ocrx_word' id='word_1_361' title='bbox 1285 2515 1439 2552; x_wconf 87' lang='lat' dir='ltr'><strong>more</strong></span> <span class='ocrx_word' id='word_1_362' title='bbox 1464 2517 1479 2553; x_wconf 72' lang='grc' dir='ltr'><strong><em>ε</em></strong></span> <span class='ocrx_word' id='word_1_363' title='bbox 1516 2497 1740 2551; x_wconf 85' lang='lat' dir='ltr'><strong>dextero</strong></span> <span class='ocrx_word' id='word_1_364' title='bbox 1790 2509 1966 2551; x_wconf 82' lang='lat' dir='ltr'><strong>autem</strong></span> <span class='ocrx_word' id='word_1_365' title='bbox 1984 2539 2000 2563; x_wconf 91' lang='lat'>‚</span> <span class='ocrx_word' id='word_1_366' title='bbox 2047 2495 2326 2571; x_wconf 81' lang='lat' dir='ltr'><strong>digitoque</strong></span> <span class='ocrx_word' id='word_1_367' title='bbox 2399 2551 2404 2558; x_wconf 87' lang='grc'>,</span> 
     </span>
     <span class='ocr_line' id='line_1_62' title="bbox 1284 2577 2328 2652; baseline 0.002 -22"><span class='ocrx_word' id='word_1_368' title='bbox 1284 2577 1466 2632; x_wconf 87' lang='lat' dir='ltr'><strong>indice</strong></span> <span class='ocrx_word' id='word_1_369' title='bbox 1492 2577 1855 2652; x_wconf 81' lang='lat' dir='ltr'><strong>praecipientis</strong></span> <span class='ocrx_word' id='word_1_370' title='bbox 1878 2595 2030 2632; x_wconf 85' lang='lat' dir='ltr'><strong>more</strong></span> <span class='ocrx_word' id='word_1_371' title='bbox 2071 2590 2286 2632; x_wconf 83' lang='lat' dir='ltr'><strong>extento</strong></span> <span class='ocrx_word' id='word_1_372' title='bbox 2309 2619 2328 2648; x_wconf 89' lang='lat'>‚</span> 
     </span>
     <span class='ocr_line' id='line_1_63' title="bbox 1286 2656 2328 2731; baseline 0.001 -20"><span class='ocrx_word' id='word_1_373' title='bbox 1286 2657 1355 2711; x_wconf 86' lang='lat' dir='ltr'><strong>ad</strong></span> <span class='ocrx_word' id='word_1_374' title='bbox 1372 2659 1550 2713; x_wconf 74' lang='lat' dir='ltr'><strong>virum</strong></span> <span class='ocrx_word' id='word_1_375' title='bbox 1564 2699 1580 2723; x_wconf 88' lang='lat'><em>,</em></span> <span class='ocrx_word' id='word_1_376' title='bbox 1602 2658 1694 2731; x_wconf 83' lang='lat' dir='ltr'><strong>qui</strong></span> <span class='ocrx_word' id='word_1_377' title='bbox 1714 2675 1872 2730; x_wconf 67' lang='lat' dir='ltr'><strong>paene</strong></span> <span class='ocrx_word' id='word_1_378' title='bbox 1890 2656 2041 2711; x_wconf 87' lang='lat' dir='ltr'><strong>nudo</strong></span> <span class='ocrx_word' id='word_1_379' title='bbox 2061 2675 2295 2731; x_wconf 70' lang='lat' dir='ltr'><strong>corpore</strong></span> <span class='ocrx_word' id='word_1_380' title='bbox 2310 2699 2328 2724; x_wconf 82' lang='lat'>‚</span> 
     </span>
     <span class='ocr_line' id='line_1_64' title="bbox 1286 2739 2326 2811; baseline 0.001 -20"><span class='ocrx_word' id='word_1_381' title='bbox 1286 2739 1535 2810; x_wconf 85' lang='lat' dir='ltr'><strong>palliatus</strong></span> <span class='ocrx_word' id='word_1_382' title='bbox 1552 2751 1730 2792; x_wconf 85' lang='lat' dir='ltr'><strong>tamen</strong></span> <span class='ocrx_word' id='word_1_383' title='bbox 1751 2777 1766 2806; x_wconf 92' lang='lat'>,</span> <span class='ocrx_word' id='word_1_384' title='bbox 1787 2757 1994 2811; x_wconf 84' lang='lat' dir='ltr'><strong>pronus</strong></span> <span class='ocrx_word' id='word_1_385' title='bbox 2014 2739 2326 2811; x_wconf 81' lang='lat' dir='ltr'><strong>procumbit</strong></span> 
     </span>
     <span class='ocr_line' id='line_1_65' title="bbox 1286 2818 2328 2891; baseline 0.001 -19"><span class='ocrx_word' id='word_1_386' title='bbox 1286 2818 1343 2872; x_wconf 89' lang='lat' dir='ltr'><strong>iu</strong></span> <span class='ocrx_word' id='word_1_387' title='bbox 1369 2838 1544 2891; x_wconf 79' lang='lat' dir='ltr'><strong>genua</strong></span> <span class='ocrx_word' id='word_1_388' title='bbox 1564 2858 1582 2882; x_wconf 88' lang='lat'><em>,</em></span> <span class='ocrx_word' id='word_1_389' title='bbox 1615 2820 1746 2873; x_wconf 74' lang='lat' dir='ltr'><strong>laeva</strong></span> <span class='ocrx_word' id='word_1_390' title='bbox 1773 2833 1960 2873; x_wconf 87' lang='lat' dir='ltr'><strong>tenens</strong></span> <span class='ocrx_word' id='word_1_391' title='bbox 1993 2819 2190 2874; x_wconf 78' lang='lat' dir='ltr'><strong>lituum</strong></span> <span class='ocrx_word' id='word_1_392' title='bbox 2227 2839 2328 2874; x_wconf 90' lang='lat' dir='ltr'><strong>au-</strong></span> 
     </span>
     <span class='ocr_line' id='line_1_66' title="bbox 1286 2897 2325 2973; baseline -0.002 -19"><span class='ocrx_word' id='word_1_393' title='bbox 1286 2900 1528 2970; x_wconf 68' lang='lat' dir='ltr'><strong>gun-alem</strong></span> <span class='ocrx_word' id='word_1_394' title='bbox 1543 2940 1560 2967; x_wconf 89' lang='lat'>,</span> <span class='ocrx_word' id='word_1_395' title='bbox 1572 2897 1764 2953; x_wconf 86' lang='lat' dir='ltr'><strong>dextra</strong></span> <span class='ocrx_word' id='word_1_396' title='bbox 1785 2899 2062 2973; x_wconf 72' lang='lat' dir='ltr'><strong>cultellum</strong></span> <span class='ocrx_word' id='word_1_397' title='bbox 2075 2901 2325 2973; x_wconf 73' lang='lat' dir='ltr'><strong>haruspi-</strong></span> 
     </span>
     <span class='ocr_line' id='line_1_67' title="bbox 1286 2980 2331 3035; baseline 0.002 -3"><span class='ocrx_word' id='word_1_398' title='bbox 1286 2997 1429 3032; x_wconf 88' lang='lat' dir='ltr'><strong>cum.</strong></span> <span class='ocrx_word' id='word_1_399' title='bbox 1460 2980 1736 3034; x_wconf 85' lang='lat' dir='ltr'><strong>Sententia</strong></span> <span class='ocrx_word' id='word_1_400' title='bbox 1759 2992 1841 3034; x_wconf 86' lang='lat' dir='ltr'><strong>est</strong></span> <span class='ocrx_word' id='word_1_401' title='bbox 1866 3000 1881 3032; x_wconf 77' lang='lat' dir='ltr'><strong><em>z</em></strong></span> <span class='ocrx_word' id='word_1_402' title='bbox 1910 3007 1933 3030; x_wconf 74' lang='grc' dir='ltr'>ι</span> <span class='ocrx_word' id='word_1_403' title='bbox 1958 2981 2331 3035; x_wconf 86' lang='lat' dir='ltr'><strong>Narbonenses</strong></span> 
     </span>
     <span class='ocr_line' id='line_1_68' title="bbox 1288 3057 2334 3132; baseline 0.002 -20"><span class='ocrx_word' id='word_1_404' title='bbox 1288 3057 1554 3130; x_wconf 72' lang='lat' dir='ltr'><strong>A&#39;Vgures</strong></span> <span class='ocrx_word' id='word_1_405' title='bbox 1578 3061 1963 3132; x_wconf 85' lang='lat' dir='ltr'><strong>Imperatorem</strong></span> <span class='ocrx_word' id='word_1_406' title='bbox 1983 3059 2334 3115; x_wconf 85' lang='lat' dir='ltr'><strong>Venerabun-</strong></span> 
     </span>
     <span class='ocr_line' id='line_1_69' title="bbox 1290 3138 1977 3195; baseline -0.001 -2"><span class='ocrx_word' id='word_1_407' title='bbox 1290 3138 1349 3194; x_wconf 82' lang='lat' dir='ltr'><strong>di</strong></span> <span class='ocrx_word' id='word_1_408' title='bbox 1377 3141 1710 3195; x_wconf 84' lang='lat' dir='ltr'><strong>salutarunt.</strong></span> <span class='ocrx_word' id='word_1_409' title='bbox 1737 3167 1761 3189; x_wconf 75' lang='grc' dir='ltr'>ι</span> <span class='ocrx_word' id='word_1_410' title='bbox 1792 3139 1977 3193; x_wconf 67' lang='grc' dir='ltr'><strong>Ηηυ.</strong></span> 
     </span>
    </p>

    <p class='ocr_par' dir='ltr' id='par_1_20' title="bbox 1293 3217 2330 3366">
     <span class='ocr_line' id='line_1_70' title="bbox 1376 3217 2323 3274; baseline 0.002 -2"><span class='ocrx_word' id='word_1_411' title='bbox 1376 3239 1465 3273; x_wconf 78' lang='lat' dir='ltr'><strong>ao.</strong></span> <span class='ocrx_word' id='word_1_412' title='bbox 1493 3217 1612 3273; x_wconf 78' lang='lat' dir='ltr'><strong>Illic</strong></span> <span class='ocrx_word' id='word_1_413' title='bbox 1637 3223 1827 3273; x_wconf 76' lang='lat' dir='ltr'><strong>arescit.</strong></span> <span class='ocrx_word' id='word_1_414' title='bbox 1853 3222 1918 3272; x_wconf 89' lang='lat' dir='ltr'><strong>In</strong></span> <span class='ocrx_word' id='word_1_415' title='bbox 1937 3221 2176 3274; x_wconf 83' lang='lat' dir='ltr'><strong>Comitio</strong></span> <span class='ocrx_word' id='word_1_416' title='bbox 2197 3220 2323 3274; x_wconf 81' lang='lat' dir='ltr'><strong>sini·</strong></span> 
     </span>
     <span class='ocr_line' id='line_1_71' title="bbox 1293 3299 2330 3366; baseline 0.001 -12"><span class='ocrx_word' id='word_1_417' title='bbox 1293 3313 1385 3354; x_wconf 85' lang='lat' dir='ltr'><strong>tur</strong></span> <span class='ocrx_word' id='word_1_418' title='bbox 1396 3319 1457 3353; x_wconf 86' lang='lat' dir='ltr'><strong>ea</strong></span> <span class='ocrx_word' id='word_1_419' title='bbox 1470 3319 1707 3354; x_wconf 85' lang='lat' dir='ltr'><strong>arescere</strong></span> <span class='ocrx_word' id='word_1_420' title='bbox 1718 3341 1734 3366; x_wconf 91' lang='lat'>‚</span> <span class='ocrx_word' id='word_1_421' title='bbox 1747 3319 1848 3353; x_wconf 90' lang='lat' dir='ltr'><strong>nec</strong></span> <span class='ocrx_word' id='word_1_422' title='bbox 1873 3313 1998 3353; x_wconf 87' lang='lat' dir='ltr'><strong>ante</strong></span> <span class='ocrx_word' id='word_1_423' title='bbox 2019 3299 2330 3355; x_wconf 84' lang='lat' dir='ltr'><strong>succiditur.</strong></span> 
     </span>
    </p>
   </div>
   <div class='ocr_carea' id='block_1_20' title="bbox 1300 3379 2456 3462">
    <p class='ocr_par' dir='ltr' id='par_1_21' title="bbox 1300 3379 2456 3462">
     <span class='ocr_line' id='line_1_72' title="bbox 1300 3379 2456 3462; baseline 0.001 -29"><span class='ocrx_word' id='word_1_424' title='bbox 1300 3380 1520 3434; x_wconf 78' lang='lat' dir='ltr'><strong>Amisse</strong></span> <span class='ocrx_word' id='word_1_425' title='bbox 1582 3380 1812 3434; x_wconf 87' lang='lat' dir='ltr'><strong>Neronis</strong></span> <span class='ocrx_word' id='word_1_426' title='bbox 1869 3379 2212 3451; x_wconf 72' lang='lat' dir='ltr'><strong>principatu,</strong></span> <span class='ocrx_word' id='word_1_427' title='bbox 2266 3398 2332 3434; x_wconf 84' lang='lat' dir='ltr'><strong>ex</strong></span> <span class='ocrx_word' id='word_1_428' title='bbox 2447 3455 2456 3462; x_wconf 92' lang='lat'><strong>.</strong></span> 
     </span>
    </p>
   </div>
   <div class='ocr_carea' id='block_1_21' title="bbox 1298 3455 2348 4159">
    <p class='ocr_par' dir='ltr' id='par_1_22' title="bbox 1298 3455 2174 3515">
     <span class='ocr_line' id='line_1_73' title="bbox 1298 3455 2174 3515; baseline -0.002 0"><span class='ocrx_word' id='word_1_429' title='bbox 1298 3461 1487 3515; x_wconf 76' lang='lat' dir='ltr'><strong>Tacito</strong></span> <span class='ocrx_word' id='word_1_430' title='bbox 1511 3471 1636 3514; x_wconf 83' lang='lat' dir='ltr'><strong>ante</strong></span> <span class='ocrx_word' id='word_1_431' title='bbox 1657 3458 1962 3514; x_wconf 84' lang='lat' dir='ltr'><strong>didicimus.</strong></span> <span class='ocrx_word' id='word_1_432' title='bbox 1991 3455 2174 3513; x_wconf 63' lang='lat' dir='ltr'><strong>Hian.</strong></span> 
     </span>
    </p>

    <p class='ocr_par' dir='ltr' id='par_1_23' title="bbox 1302 3537 2339 3756">
     <span class='ocr_line' id='line_1_74' title="bbox 1385 3537 2334 3595; baseline -0.001 -1"><span class='ocrx_word' id='word_1_433' title='bbox 1385 3559 1475 3595; x_wconf 77' lang='lat'><strong>21.</strong></span> <span class='ocrx_word' id='word_1_434' title='bbox 1521 3539 1724 3594; x_wconf 73' lang='lat' dir='ltr'><strong>Saturni</strong></span> <span class='ocrx_word' id='word_1_435' title='bbox 1754 3541 1921 3593; x_wconf 69' lang='lat' dir='ltr'><strong>eedem.</strong></span> <span class='ocrx_word' id='word_1_436' title='bbox 1965 3537 2094 3592; x_wconf 82' lang='lat' dir='ltr'><strong>Fuit</strong></span> <span class='ocrx_word' id='word_1_437' title='bbox 2137 3537 2194 3591; x_wconf 86' lang='lat' dir='ltr'><strong>in</strong></span> <span class='ocrx_word' id='word_1_438' title='bbox 2222 3539 2334 3593; x_wconf 89' lang='lat' dir='ltr'><strong>imo</strong></span> 
     </span>
     <span class='ocr_line' id='line_1_75' title="bbox 1302 3615 2339 3693; baseline 0.001 -19"><span class='ocrx_word' id='word_1_439' title='bbox 1302 3621 1442 3674; x_wconf 80' lang='lat' dir='ltr'><strong>clivo</strong></span> <span class='ocrx_word' id='word_1_440' title='bbox 1452 3621 1765 3693; x_wconf 81' lang='lat' dir='ltr'><strong>Capitolino</strong></span> <span class='ocrx_word' id='word_1_441' title='bbox 1777 3661 1792 3688; x_wconf 91' lang='lat'>,</span> <span class='ocrx_word' id='word_1_442' title='bbox 1811 3618 1909 3674; x_wconf 84' lang='lat' dir='ltr'><strong>ubi</strong></span> <span class='ocrx_word' id='word_1_443' title='bbox 1929 3637 2078 3673; x_wconf 89' lang='lat' dir='ltr'><strong>nunc</strong></span> <span class='ocrx_word' id='word_1_444' title='bbox 2097 3615 2238 3674; x_wconf 75' lang='lat' dir='ltr'><strong>aedes</strong></span> <span class='ocrx_word' id='word_1_445' title='bbox 2257 3633 2339 3675; x_wconf 88' lang='lat' dir='ltr'><strong>est</strong></span> 
     </span>
     <span class='ocr_line' id='line_1_76' title="bbox 1302 3699 1873 3756; baseline -0.012 0"><span class='ocrx_word' id='word_1_446' title='bbox 1302 3703 1357 3756; x_wconf 91' lang='lat' dir='ltr'><strong>S.</strong></span> <span class='ocrx_word' id='word_1_447' title='bbox 1384 3701 1664 3756; x_wconf 79' lang='lat' dir='ltr'><strong>Hadriani.</strong></span> <span class='ocrx_word' id='word_1_448' title='bbox 1689 3699 1873 3755; x_wconf 64' lang='lat' dir='ltr'><strong>Hann.</strong></span> 
     </span>
    </p>

    <p class='ocr_par' dir='ltr' id='par_1_24' title="bbox 1300 3780 2348 4159">
     <span class='ocr_line' id='line_1_77' title="bbox 1385 3780 2338 3836; baseline 0 0"><span class='ocrx_word' id='word_1_449' title='bbox 1385 3801 1476 3836; x_wconf 65' lang='grc' dir='ltr'><strong>ιη.</strong></span> <span class='ocrx_word' id='word_1_450' title='bbox 1501 3781 1694 3834; x_wconf 75' lang='lat' dir='ltr'><strong>Silvani</strong></span> <span class='ocrx_word' id='word_1_451' title='bbox 1705 3780 2012 3834; x_wconf 75' lang='lat' dir='ltr'><strong>simulacrum</strong></span> <span class='ocrx_word' id='word_1_452' title='bbox 2031 3780 2338 3836; x_wconf 75' lang='lat' dir='ltr'><strong>subverteret.</strong></span> 
     </span>
     <span class='ocr_line' id='line_1_78' title="bbox 1300 3859 2342 3933; baseline -0.002 -17"><span class='ocrx_word' id='word_1_453' title='bbox 1300 3862 1567 3916; x_wconf 82' lang='lat' dir='ltr'><strong>Radicum</strong></span> <span class='ocrx_word' id='word_1_454' title='bbox 1586 3863 1764 3933; x_wconf 83' lang='lat' dir='ltr'><strong>rigore</strong></span> <span class='ocrx_word' id='word_1_455' title='bbox 1778 3872 1831 3914; x_wconf 90' lang='lat' dir='ltr'><strong>et</strong></span> <span class='ocrx_word' id='word_1_456' title='bbox 1848 3859 2199 3916; x_wconf 85' lang='lat' dir='ltr'><strong>crassitudine</strong></span> <span class='ocrx_word' id='word_1_457' title='bbox 2215 3902 2230 3928; x_wconf 85' lang='lat'>,</span> <span class='ocrx_word' id='word_1_458' title='bbox 2255 3862 2342 3916; x_wconf 77' lang='lat' dir='ltr'><strong>vel</strong></span> 
     </span>
     <span class='ocr_line' id='line_1_79' title="bbox 1302 3940 2345 4015; baseline -0.001 -19"><span class='ocrx_word' id='word_1_459' title='bbox 1302 3960 1578 3996; x_wconf 82' lang='lat' dir='ltr'><strong>ramorum</strong></span> <span class='ocrx_word' id='word_1_460' title='bbox 1600 3941 1922 4015; x_wconf 80' lang='lat' dir='ltr'><strong>proceritate</strong></span> <span class='ocrx_word' id='word_1_461' title='bbox 1937 3963 1954 4010; x_wconf 68' lang='grc' dir='ltr'><strong>ς</strong></span> <span class='ocrx_word' id='word_1_462' title='bbox 1974 3943 2062 3995; x_wconf 78' lang='lat' dir='ltr'><strong>vel</strong></span> <span class='ocrx_word' id='word_1_463' title='bbox 2079 3940 2314 4014; x_wconf 86' lang='lat' dir='ltr'><strong>denique</strong></span> <span class='ocrx_word' id='word_1_464' title='bbox 2329 3981 2345 4007; x_wconf 85' lang='lat'><strong>,</strong></span> 
     </span>
     <span class='ocr_line' id='line_1_80' title="bbox 1306 4021 2348 4096; baseline -0.001 -20"><span class='ocrx_word' id='word_1_465' title='bbox 1306 4021 1459 4096; x_wconf 83' lang='lat' dir='ltr'><strong>quod</strong></span> <span class='ocrx_word' id='word_1_466' title='bbox 1479 4023 1537 4074; x_wconf 89' lang='lat' dir='ltr'><strong>in</strong></span> <span class='ocrx_word' id='word_1_467' title='bbox 1565 4023 1910 4078; x_wconf 86' lang='lat' dir='ltr'><strong>simulacrum</strong></span> <span class='ocrx_word' id='word_1_468' title='bbox 1933 4025 2111 4096; x_wconf 88' lang='lat' dir='ltr'><strong>ipsum</strong></span> <span class='ocrx_word' id='word_1_469' title='bbox 2139 4024 2348 4076; x_wconf 86' lang='lat' dir='ltr'><strong>incum-</strong></span> 
     </span>
     <span class='ocr_line' id='line_1_81' title="bbox 1306 4101 1702 4159; baseline 0.003 -4"><span class='ocrx_word' id='word_1_470' title='bbox 1306 4104 1483 4159; x_wconf 87' lang='lat' dir='ltr'><strong>beret.</strong></span> <span class='ocrx_word' id='word_1_471' title='bbox 1511 4101 1702 4156; x_wconf 67' lang='lat' dir='ltr'><strong>Hanu.</strong></span> 
     </span>
    </p>
   </div>
  </div>
 </body>
</html>
