2984 5009
909 476 1231 545 mnan
1283 474 1502 577 xlv.
2124 474 2273 577 337

173 610 339 678 tertio
371 605 718 679 consulatu
753 633 911 696 suo,
953 608 1340 692 Falernum,
1383 608 1631 679 Chium
1655 660 1675 692 ‚
1727 609 2043 680 Lesbium
2068 666 2088 700 ‚
2130 615 2281 683 Ma-

172 718 542 785 mertinum:
595 740 734 809 quo
778 718 1070 811 primum
1128 732 1432 810 tempore
1492 728 1781 811 quatuor
1829 741 2073 811 genera
2142 722 2281 791 vini

173 825 441 917 apposita
485 836 758 892 constat.
809 826 1046 913 Postea
1085 847 1248 918 ergo
1291 819 1414 891 alia
1461 806 1723 891 omnia⁶
1754 823 1823 889 in
1860 822 2277 896 nobilitatem

171 943 500 1013 venerunt,
535 930 798 999 circiter
843 930 1518 1025 septingentesimum
1538 929 1745 998 Urbis
1788 952 2061 999 annum.

255 1038 506 1105 XVIII.
551 1028 760 1125 (xvl.)
811 1038 1046 1131 ltaque
1109 1061 1244 1104 non
1293 1038 1501 1104 miror
1542 1035 2046 1105 innumerabilia
2088 1063 2277 1132 paene
2319 1069 2343 1103 1

171 1166 382 1233 genera
413 1142 628 1211 fictitii
665 1157 929 1237 reperta
967 1140 1192 1213 multis
1237 1156 1390 1211 ante
1439 1140 1690 1212 saeculis
1716 1195 1735 1228 ‚
1773 1167 1921 1237 quae
1964 1168 2145 1214 nunc
2178 1146 2277 1215 di-

80 1260 82 1305 ἑ
171 1272 400 1336 cemus,
458 1251 686 1318 omnia
735 1248 822 1318 ad
864 1247 1207 1318 medicinae
1252 1274 1444 1317 usum
1504 1250 1918 1343 pertinentia.
1972 1251 2275 1347 Ompha-

169 1354 312 1423 cium
339 1380 472 1450 quo
509 1355 713 1425 modo
749 1356 971 1440 fieret,
1007 1369 1282 1450 propter
1311 1370 1693 1449 unguenta,
1732 1354 2014 1426 diximus
2052 1360 2275 1453 priore

170 1456 309 1529 libro
337 1460 378 1525 ¹.
421 1462 532 1531 Fit
558 1486 596 1532 e
643 1459 945 1532 labrusca
970 1459 1017 1548 ²,
1051 1462 1183 1531 hoc
1219 1476 1358 1550 est,
1399 1463 1537 1531 vite
1580 1460 1901 1548 silvestri,
1940 1464 2120 1557 quod
2157 1490 2273 1535 vo-

171 1581 326 1635 oetur
373 1568 862 1637 oenanthinum.
920 1567 1146 1638 Flores
1200 1568 1342 1663 ejus
1397 1566 1581 1637 libris
1635 1567 1894 1639 duab‘us
1950 1570 2021 1637 in
2075 1574 2274 1643 musti

168 1672 302 1742 cado
339 1660 714 1762 macerati³‚
758 1688 910 1771 post
949 1698 1094 1744 xxx
1126 1674 1266 1743 dies
1302 1688 1665 1744 mutantur.
1712 1678 1961 1745 Praeter
1997 1676 2127 1746 hoc
2165 1704 2271 1747 ra·

170 1776 254 1847 dix
287 1779 600 1852 labruscae
635 1796 704 1850 et
743 1782 914 1852 acini
952 1783 1136 1852 coria
1163 1780 1539 1875 perficiunt.
1577 1782 1635 1850 Ii
1676 1781 1877 1876 paulo
1916 1798 2269 1879 postquam

169 1882 533 1975 defloruere,
579 1886 910 1983 singulare
949 1888 1314 1957 remedium
1352 1888 1605 1956 habent
1648 1887 1732 1956 ad
1783 1888 2272 1983 refrigerandos
2388 1964 2395 1971 ,

170 1990 218 2057 in
251 1993 486 2065 morbis
527 2018 887 2089 corporum
925 1987 1228 2077 ardoreS,
1269 1992 1695 2089 gelidissima,
1735 2009 1811 2064 ut
1849 1994 2112 2085 ferunt,
2156 2024 2273 2068 na·

170 2108 300 2167 tura.
332 2102 492 2170 Pars
534 2126 767 2169 eorum
814 2115 976 2171 aestu
1021 2099 1326 2188 moritur,
1365 2100 1749 2195 priusquam
1773 2087 1797 2131 ⁴
1835 2099 2106 2195 reliqui,
2158 2107 2270 2199 qui

80 2226 82 2231 ·
167 2190 536 2277 solstitiales⁵
567 2208 900 2277 dicuntur.
927 2209 1240 2277 Universi
1271 2230 1637 2301 numquam
1676 2222 2160 2279 maturescunt:
2204 2226 2272 2281 et

167 2370 352 2423 potestas
375 2374 512 2413 esset
535 2360 662 2415 Jovi
705 2361 774 2415 Ο.
805 2361 884 2414 Μ.
923 2362 1150 2415 castet-is·
1319 2359 1531 2413 XVIII.
1584 2380 1605 2413 1
1622 2398 1653 2435 ·.
1670 2360 1838 2412 Priore
1886 2360 2025 2414 libro.
2077 2361 2267 2421 Priore

168 2451 244 2503 que
273 2437 366 2494 diis
395 2440 581 2511 epulas
605 2440 898 2495 indicendi.
941 2441 1011 2493 Hi
1037 2442 1147 2514 pri·
1237 2440 1440 2494 scilicet
1487 2458 1551 2493 ex
1598 2440 1663 2493 iis
1701 2440 1761 2493 in
1808 2440 2002 2511 quibus
2049 2442 2267 2496 arbores

167 2530 280 2569 mum
301 2520 436 2573 terni
468 2521 654 2586 fuere,
686 2540 812 2574 mox
843 2534 897 2575 et
921 2522 1146 2593 septeni.
1231 2532 1550 2581 tractantur,
1576 2518 1682 2573 hoc
1700 2530 1811 2586 est,
1846 2520 1943 2572 lib.
1966 2520 2075 2573 ΧΠ
2090 2560 2105 2586 ,
2146 2541 2263 2593 cap.

167 2593 314 2651 Gneo
345 2598 414 2653 de
449 2600 601 2653 Orat.
633 2601 732 2654 tib.
764 2602 884 2665 111,
930 2621 986 2654 n.
1023 2621 1094 2671 70
1129 2620 1145 2653 2
1240 2603 1335 2653 61.
1379 2600 1561 2653 Hsun.
1602 2630 1683 2639 ——-
1723 2600 1901 2653 Delee.
1939 2602 2265 2671 superioribus

171 2676 463 2733 ·Pontifiees
483 2692 690 2733 veteres
711 2693 934 2753 propter
948 2681 1151 2733 sacrifi·
1241 2679 1377 2732 libris
1393 2720 1410 2745 ,
1454 2698 1599 2732 mera
1637 2692 1815 2733 tamen
1857 2693 1911 2733 et
1953 2680 2099 2735 inani
2132 2700 2263 2735 eon-

167 2752 332 2810 ἀοι-ιη]
383 2757 786 2813 multitudinem
841 2774 951 2814 tres
1007 2760 1150 2813 viros
1233 2759 1456 2829 iectura.
1481 2758 1589 2825 En.

167 2836 378 2902 epulones
422 2858 536 2893 esse
579 2839 866 2893 voluerunt
914 2859 929 2891 :
975 2858 1145 2911 quum
1318 2861 1366 2892 α.
1417 2838 1508 2890 Ftt
1552 2861 1577 2890 σ
1619 2838 1858 2892 labrusca.
1902 2839 2029 2895 Hoec
2072 2840 2262 2895 iisdem

167 2928 296 2969 esent
315 2917 414 2989 ipsi
436 2937 469 2974 a
494 2920 672 2973 Numa
689 2958 706 2985 ,
735 2932 794 2973 ut
827 2920 982 2973 etiam
1007 2919 1146 2973 illud
1234 2918 1409 2971 verbis
1434 2918 1612 2972 Diosc.
1632 2920 1725 2973 lib.
1753 2919 1825 2983 V,
1848 2938 1967 2990 cap.
1998 2920 2068 2975 33
2104 2941 2118 2973 ε
2150 2924 2171 2974 ὁ
2197 2917 2259 2975 δὲ

165 2990 370 3051 ludorum
403 2999 627 3070 epulare
655 2998 975 3053 sacrificium
1009 3000 1148 3053 faee-
1235 2998 1488 3060 οἰνάνθινος
1504 2998 1793 3061 exsuita-rat
1820 3000 1966 3053 οὕτω·
1986 2998 2153 3055 zaechs·
2171 3008 2259 3063 τῆς

167 3086 282 3134 Nm·
325 3078 565 3133 instituti.
603 3079 790 3133 Postea
833 3092 912 3132 est
958 3092 1146 3133 auctus
1236 3078 1407 3149 ἀγρίας
1435 3078 1686 3149 ἀμπέλου,
1718 3092 1817 3132 etc.
1844 3077 2030 3134 nino.

166 3166 398 3221 numa-us,
432 3171 489 3211 et
510 3170 714 3231 septem
729 3158 897 3212 creari
918 3164 1094 3230 coepti.
1117 3185 1139 3207 ι
1317 3159 1367 3211 3.
1392 3158 1564 3210 Floras
1589 3161 1690 3229 ejus
1722 3160 1859 3213 libris
1880 3160 2123 3215 duabus...
2154 3180 2261 3213 ma-

167 3228 274 3286 Hine
289 3236 430 3307 apud
458 3239 696 3292 Plinium
717 3240 1026 3305 saniorem,
1045 3239 1143 3292 lib.
1235 3242 1403 3291 cerati.
1451 3238 1777 3309 Dalecampii
1809 3238 1931 3293 cod.
1972 3243 2259 3303 maaet-aeis,-

167 3307 231 3373 ῙῘ.
270 3332 348 3386 ep.
396 3335 419 3370 1
437 3337 460 3371 1
505 3336 522 3371 :
552 3317 814 3390 Septemrir
847 3318 1144 3388 Epulonem.
1233 3330 1284 3371 et
1313 3336 1438 3371 mox
1465 3318 1700 3371 chifflet.
1731 3337 1831 3390 pro
1860 3319 2144 3391 defloruere,
2170 3340 2262 3373 ex·

167 3383 298 3460 Hujus
311 3396 588 3451 sacerdotii
607 3416 846 3469 expressa
864 3398 1064 3451 mentio
1083 3399 1144 3453 in
1230 3398 1381 3451 hibet
1405 3396 1627 3468 difluere.
1660 3399 1765 3450 En.

167 3462 342 3528 ‘leuat-io
370 3478 540 3547 gentis
561 3478 742 3532 Coeliae
757 3518 774 3544 ,
815 3497 938 3531 cum
959 3478 1140 3551 effigie
1312 3484 1364 3542 4.
1389 3476 1681 3549 Priusquam
1708 3477 1895 3547 reliqui.
1912 3478 2262 3549 Dal.perstam

167 3545 442 3619 septemvir-i
459 3558 518 3611 in
551 3556 701 3612 Jovis
739 3558 900 3630 epulo
939 3559 1139 3612 lectum
1231 3558 1414 3627 reliqui.
1441 3556 1547 3609 En.

167 3626 302 3685 ‘idem
355 3634 456 3689 deo
501 3636 607 3709 pro
660 3657 812 3691 more
859 3638 1146 3692 sternentis
1313 3638 1364 3690 5.
1398 3636 1502 3706 Qui
1525 3636 1813 3688 solstitiales.
1837 3633 2009 3689 Iidem
2034 3649 2087 3691 et
2112 3637 2258 3690 cani·

169 3722 260 3761 ΜΠ
299 3715 608 3790 epigraphe,
664 3738 714 3771 1..
760 3736 980 3771 canova.
1015 3718 1142 3771 vn.
1235 3716 1396 3770 culati
1441 3714 1692 3788 appellati
1728 3735 1759 3768 a
1788 3716 2045 3769 Marcello
2075 3717 2261 3791 Empi-

168 3800 252 3839 ῆι.
277 3808 426 3847 nvi..
449 3799 629 3851 Lucius
666 3798 854 3852 Caldus
888 3796 1152 3869 Septemoir
1235 3797 1364 3859 rico,
1384 3815 1503 3868 cap.
1522 3814 1649 3862 x1v3
1668 3796 1918 3867 quoniam
1940 3795 2154 3851 ardores
2180 3817 2267 3851 ca-

169 3862 416 3932 Epulonum.
444 3874 630 3931 llum.
1237 3875 1430 3931 niculae
1456 3874 1677 3942 durant,
1712 3888 1801 3929 aut
1840 3874 2027 3929 iisdem
2059 3891 2265 3932 torren-

198 3952 271 4033 ·6.
311 3952 502 4009 Postea.
524 3996 539 4008 .
558 3996 573 4010 .
593 3996 608 4009 .
649 3958 752 4009 alia
795 3962 976 4011 omnia.
1031 3956 1146 4010 Alia
1237 3968 1326 4009 tur
1357 3975 1371 4006 ε
1411 3975 1522 4008 nou
1548 3956 1673 4027 quia
1720 3974 1905 4010 canam
1956 3958 2262 4029 lanuginem

169 4038 373 4084 *morum
419 4052 610 4106 genera
658 4038 948 4092 claritatem
1002 4055 1148 4091 aoce-
1185 4054 1190 4058 ·
1236 4036 1499 4099 habeant,
1547 4049 1607 4089 ut
1638 4037 1805 4090 visum
1844 4049 1921 4089 est
1954 4056 2062 4089 non
2092 4038 2261 4091 nemi·

169 4116 284 4169 Ptre-
303 4108 473 4167 Han.
1237 4115 1314 4169 ni.
1340 4116 1519 4170 Hsnn.
1882 4116 1887 4121 ’

301 4219 378 4287 γ,
1898 4250 1993 4293 22
