2984 5009
614 454 763 525 610
1166 451 1247 518 C.
1302 448 1641 519 PLINII
1689 450 1907 521 NAT.
1959 450 2218 519 HIST.

615 571 975 685 principis⁶
1015 588 1235 681 jussu,
1276 581 1682 653 obeliscum⁷
1711 586 1776 653 in
1807 584 2140 653 Vaticano
2171 582 2374 653 Circo
2405 598 2754 665 statutum,

616 708 1035 791 quatuorque
1068 706 1345 761 truncos
1385 689 1620 785 lapidis
1651 689 1950 787 ejusdem
1983 690 2072 759 ad
2105 690 2571 759 sustinendum
2611 716 2747 761 eum

619 800 932 885 adduxit3
976 822 1107 894 qua
1139 822 1312 867 nave
1346 795 1511 867 nihil
1555 796 2008 868 admirabilius
2039 798 2258 867 visum
2296 798 2366 866 in
2407 801 2582 867 mari
2623 824 2748 869 cer-

618 922 761 977 tum
811 922 912 977 est
948 931 963 973 :
1011 929 1155 975 cxx
1207 928 1287 974 u.
1340 903 1642 973 modium
1691 903 1884 973 lentis
1936 928 2060 999 pro
2119 904 2400 973 saburra
2447 906 2510 974 ei
2557 905 2752 974 fueoe.

550 1035 584 1085 6
616 1011 1001 1109 Longitudo
1052 1012 1339 1107 spatium
1398 1009 1691 1081 obtinuit
1743 1034 1988 1105 magna
2043 1034 2128 1083 ex
2188 1025 2378 1106 parte
2433 1013 2758 1083 Ostiensis

615 1136 850 1215 portus
894 1118 1098 1188 latere
1144 1115 1333 1188 laevo.
1377 1118 1481 1185 lbi
1529 1102 1858 1212 namque⁸
1905 1116 2209 1187 demersa
2245 1132 2348 1187 est
2393 1140 2436 1186 a
2483 1117 2758 1189 Claudio

610 1228 947 1322 principe,
1006 1250 1157 1295 cum
1195 1224 1407 1295 tribus
1450 1223 1776 1313 molibuS,
1837 1225 2122 1295 turrium
2165 1221 2518 1295 altitudine
2569 1228 2642 1295 in
2691 1250 2761 1295 ea

610 1332 1032 1404 exaedificatis
1072 1330 1287 1401 obiter
1332 1329 1699 1401 Puteolano
1736 1329 2046 1425 pulvere,
2103 1329 2593 1425 advectisque⁹.
2647 1336 2760 1401 Ar·

608 1440 792 1511 boris
825 1442 968 1536 ejus
996 1437 1362 1507 crassitudo
1390 1452 1679 1532 quatuor
1709 1436 2058 1506 hominum
2089 1434 2280 1507 ulnas
2311 1437 2761 1533 complecten-

611 1548 777 1615 tium
841 1542 1161 1641 implebat
1204 1568 1219 1611 :
1268 1541 1602 1639 vulgoque
1655 1542 1924 1613 auditur
1965 1567 2160 1615 Lxxx
2219 1569 2582 1615 nummum
2601 1544 2653 1569 ¹⁰
2703 1562 2767 1615 et

610 1650 818 1747 pluris
854 1650 1063 1721 malos
1096 1650 1489 1721 venumdari
1527 1650 1614 1719 ed
1653 1675 1769 1721 eos
1803 1674 2000 1737 usus,
2039 1663 2217 1719 rates
2257 1675 2418 1721 vero
2451 1655 2764 1723 connecti

608 1782 705 1829 11.
734 1755 929 1829 11·s¹¹
975 1754 1343 1853 plerasque.
1392 1759 1481 1827 At
1507 1758 1576 1824 in
1601 1754 1948 1853 AEgypto¹²
1987 1770 2056 1825 et
2090 1758 2278 1851 Syria
2305 1782 2504 1888 repes
2541 1760 2765 1855 inopia

611 1862 843 1935 abietis
864 1864 1067 1935 cedro
1092 1863 1178 1933 ad
1198 1862 1437 1933 classes
1462 1863 1768 1933 feruntur
1785 1864 1904 1933 usi.
1929 1864 2230 1933 Maxima
2257 1862 2372 1935 ea¹
2439 1866 2518 1932 in
2537 1866 2766 1961 Cypro

610 1970 928 2054 traditur,
996 1970 1082 2039 ad
1142 1969 1632 2039 undeciremem
1679 1958 2068 2039 Demetrii¹⁴
2117 1972 2373 2040 succisa
2399 2024 2420 2059 ‚
2491 1986 2764 2041 centum

610 2063 943 2173 triginta¹⁵
991 2075 1269 2172 pedum,
1314 2075 1766 2145 crassitudinis
1802 2100 1965 2145 vero
2018 2074 2102 2143 ad
2149 2076 2354 2145 trium
2407 2076 2762 2169 hominum

693 2253 747 2305 6.
796 2250 911 2304 Caii·
925 2252 1179 2322 principis.
1198 2248 1389 2315 ,Quem
1420 2247 1635 2321 Caligu-

612 2331 715 2383 lam
738 2328 829 2383 alii
860 2330 1222 2401 appellarunt,
1245 2346 1541 2401 numquam
1561 2328 1635 2381 ita

614 2409 834 2463 Plinius.
864 2410 1049 2464 Hsnn.

692 2508 747 2559 7.
780 2488 1166 2543 Obeliscum.De
1194 2507 1303 2560 quo
1330 2485 1576 2540 dicemus
1596 2487 1634 2539 l.

610 2569 914 2633 XXXVII,
939 2588 1055 2642 cap.
1087 2568 1173 2621 15.
1196 2563 1395 2621 Hau).

693 2650 748 2703 8.
776 2648 855 2701 lbi
876 2668 1097 2721 natuque.
1122 2646 1341 2700 Sueten.
1360 2646 1420 2699 in
1443 2645 1635 2700 Claud.

610 2746 657 2782 c.
684 2747 749 2781 xx
770 2748 787 2781 ι
811 2756 834 2778 ι
850 2729 1072 2782 Portum
1100 2726 1263 2781 Ostia
1286 2726 1573 2780 exstruxit.
1594 2766 1607 2779 .
1621 2766 1635 2779 .

611 2806 707 2860 ubi
750 2825 938 2861 navem
971 2806 1251 2871 demersit,
1277 2824 1385 2878 qua
1414 2824 1638 2876 magnus

611 2885 874 2939 obeliscus
899 2904 965 2939 ex
1000 2888 1237 2957 AEgypto
1271 2884 1444 2937 fuerat
1474 2883 1634 2937 adve-

611 2978 761 3029 ctus,
788 2979 886 3018 etc.
916 2990 938 3014 ι
968 2966 1155 3019 Ηιιυ.

692 3064 747 3115 9.
789 3044 964 3098 Obiter
1001 3046 1270 3097 Puteolano
1294 3044 1516 3113 pulvere,
1543 3044 1634 3097 ad·

613 3128 856 3197 rectisque.
877 3123 1227 3179 scribendum
1254 3122 1503 3187 arbitror,
1525 3146 1547 3167 ι
1563 3125 1636 3177 ob

610 3203 669 3257 id
695 3218 776 3259 ter
796 3204 1091 3259 Puteolano
1108 3204 1330 3275 pulvere
1352 3200 1593 3257 advecto.
1607 3230 1629 3253 ι

607 3285 749 3339 Nam
777 3304 947 3358 quum
995 3299 1103 3339 tres
1150 3282 1317 3337 moles
1354 3282 1637 3337 altitudine

608 3365 841 3420 turrium
876 3362 1210 3419 exedificat„
1243 3363 1469 3429 fuerint,
1490 3364 1634 3435 opti-

610 3462 697 3499 me
734 3444 964 3517 quadrat
1013 3458 1094 3499 ter
1138 3445 1210 3497 ob
1256 3442 1313 3497 id
1353 3442 1632 3505 advectum

611 3542 723 3578 esse
744 3524 1095 3579 Puteolanum
1116 3524 1421 3595 pulverem:
1439 3520 1507 3575 de
1528 3541 1636 3594 quo

611 3603 890 3657 Vitruvius
915 3604 1167 3659 secundo.
1196 3602 1633 3657 Pam-obiter.

609 3681 795 3748 Quum
822 3684 1056 3737 Puteolis
1086 3702 1146 3737 ea
1176 3683 1326 3737 navis
1354 3682 1636 3746 transiret,

607 3762 941 3835 Romamque
961 3760 1320 3817 contenderet.
1342 3764 1423 3816 De
1440 3762 1636 3815 Puteo-

606 3842 731 3895 lano
758 3842 978 3914 pulvere
1006 3840 1245 3896 dicemus
1274 3842 1369 3895 lib.
1398 3842 1633 3909 XXXV,

604 3940 724 3993 cap.
758 3920 851 3985 45:
876 3920 947 3975 Η.
981 3954 1059 3965 —-
1085 3923 1234 3975 Brot.
1252 3921 1536 3993 separatim
1565 3940 1630 3975 ex

1811 2267 1898 2303 ιο.
1925 2246 2158 2302 LXXX
2198 2268 2459 2303 numm.
2495 2250 2583 2305 Ita
2617 2252 2766 2307 HSS.

1729 2344 1935 2383 omnes.
1980 2328 2100 2383 Hoc
2134 2341 2243 2394 est,
2275 2330 2560 2403 octoginta
2611 2352 2768 2386 nnm-

1727 2426 1873 2459 mum
1889 2445 1905 2473 ,
1943 2424 2036 2460 seu
2080 2409 2445 2463 sestertiorum
2501 2411 2761 2466 millibus.

1727 2486 1948 2541 Gallico
1977 2500 2206 2541 monetas
2248 2488 2402 2542 libro
2426 2502 2560 2543 sunt
2593 2494 2765 2547 octin-

1727 2578 1916 2639 genus.
1945 2563 2128 2620 Ηιιιι).

1815 2666 1838 2700 1
1857 2664 1905 2701 ι.
1927 2646 2032 2699 XL
2043 2644 2177 2701 H-S.
2192 2648 2563 2720 Quadraginta
2583 2664 2763 2705 sester-

1727 2726 1864 2778 tium
1905 2726 2142 2780 millibus
2177 2746 2192 2779 =
2225 2748 2318 2782 seu
2359 2729 2516 2783 libris
2560 2731 2762 2803 gallicis

1725 2805 1948 2859 omnino
1975 2804 2398 2881 quadringentis.
2425 2808 2545 2863 Hoc
2585 2814 2758 2882 pretio

1725 2904 1790 2939 ex
1815 2885 1923 2938 boc
1943 2885 2130 2939 abietis
2152 2905 2346 2959 genere
2366 2893 2760 2945 connecteban-

1724 2978 1818 3019 tur
1843 2976 2014 3031 rates,
2033 2966 2116 3018 des
2144 2968 2378 3021 redeam.
2410 2970 2598 3024 nanu.

1814 3062 1902 3099 12.
1932 3047 2009 3098 At
2046 3049 2099 3097 in
2137 3048 2384 3121 AEmlv·
2419 3048 2550 3103 Hac
2579 3052 2758 3105 Theo·

1723 3124 1922 3196 phrast.
1941 3124 2117 3191 lib.V,
2139 3146 2186 3179 c.
2211 3146 2266 3196 9.
2296 3130 2579 3195 Sesostris,
2601 3134 2756 3203 Βη-

1723 3204 1805 3276 pti
1835 3203 1972 3274 regis
1988 3243 2005 3270 ,
2047 3206 2318 3277 navigium
2344 3206 2632 3263 cedrinum
2649 3212 2758 3264 hu·

1724 3282 1816 3337 dst
1841 3282 2112 3339 Diodorus
2135 3286 2372 3354 Siculus,
2404 3288 2541 3341 Bibl.
2571 3290 2670 3345 lib.
2693 3292 2754 3355 1.

1722 3382 1845 3435 pag.
1882 3362 1976 3417 5².
2005 3364 2308 3421 Fabi-ieme
2333 3368 2494 3422 etiam
2515 3368 2754 3442 Caligula

1723 3440 1923 3496 dicitur
1949 3443 2018 3498 de
2037 3442 2212 3499 cedris
2235 3437 2588 3513 Liburnicas,
2616 3468 2754 3522 gem·

1723 3524 1877 3577 matis
1905 3524 2180 3596 puppibus
2194 3565 2211 3592 ‚
2251 3540 2349 3581 etc.
2377 3528 2670 3584 Suetonius
2697 3530 2753 3583 in

1724 3602 1858 3656 Caio
1877 3641 1892 3668 ‚
1920 3622 2041 3675 cap.
2084 3623 2290 3659 xxxvii.
2319 3606 2511 3661 Hans).

1813 3682 1903 3735 13.
1943 3684 2168 3737 Maxima
2187 3706 2264 3739 ea.
2289 3686 2528 3741 Maxima
2541 3688 2749 3743 cedrus.

1720 3762 2080 3835 Theopbrsst.
2100 3764 2203 3819 loc.
2229 3765 2324 3821 cit.
2355 3764 2549 3820 Eun.

1809 3860 1832 3895 1
1844 3849 1894 3906 4.
1911 3842 2162 3899 Demea-ii.
2183 3846 2314 3918 Ejus
2328 3846 2424 3921 qui
2438 3846 2750 3901 Poliorcet-

1721 3938 2018 3992 cognomen
2042 3922 2266 3997 adeptus
2281 3939 2390 3993 est,
2407 3927 2664 4000 Antigoni
2685 3926 2741 3980 1¹¹.

614 4000 770 4056 MSS.
801 4003 932 4072 neg.
971 4022 997 4055 2
1030 4014 1081 4055 et
1110 4000 1361 4055 Ambros.
1396 4020 1448 4070 ι,
1478 4020 1537 4063 a,
1568 4002 1628 4053 ob
1717 4002 1906 4056 ΒΑΜ).

605 4085 711 4132 iter.
734 4083 959 4135 Rezzon.
981 4082 1041 4133 ob
1064 4082 1121 4134 id
1138 4084 1242 4133 iter.
1271 4080 1377 4135 En.

1805 4101 1825 4134 1
1841 4081 1892 4135 5.
1919 4082 2122 4137 Centum
2147 4088 2364 4154 triginta.
2383 4086 2734 4157 Theophrast.
