2984 5009
923 435 1240 502 LIBER
1294 435 2296 528 xl11.199

98 555 100 568 ¹
198 569 354 637 cibus
399 589 582 635 usum
619 561 924 659 praebet.
949 564 1098 634 ideo
1143 587 1180 632 a
1227 549 1769 634 mercatoribus*
1788 565 2297 684 cognominata.

197 677 326 743 Post
371 674 537 742 hanc
590 655 970 766 papyrum¹⁶
1006 686 1139 758 est,
1193 685 1725 792 extremumque·
1746 669 1887 762 ejus
1938 671 2177 764 scirpo
2206 674 2296 740 si-

195 779 322 848 mile
341 779 416 866 ⁷,
472 803 554 848 ac
604 803 690 847 ne
750 777 1020 847 funibus
1076 777 1387 871 quidem,
1430 778 1554 846 nisi
1605 778 1673 844 in
1732 775 2062 861 humore,
2115 775 2294 846 utile.

199 889 506 955 Texuntur
527 870 576 909 ¹⁸
631 907 886 954 omnes·
913 883 1222 954 madente
1261 882 1488 954 tabula
1540 880 1678 952 Nili
1727 906 1897 976 aqua
1940 908 1955 949 τ
1994 881 2297 954 turbidus
2332 895 2364 948 3

193 989 375 1086 liquor
401 995 536 1060 vim
578 989 853 1086 glutinis
895 991 1148 1085 praebet
1194 991 1434 1060 vicem.
1477 990 1700 1058 Ptimo
1736 991 1971 1082 supina
1992 987 2041 1028 ¹⁹
2070 989 2296 1058 tabula

193 1203 391 1274 pulvere,
409 1217 460 1257 et
485 1204 718 1258 externis
739 1204 1015 1274 quibusvis
1039 1205 1182 1274 inju-
1261 1205 1483 1274 plagula
1501 1243 1518 1269 ,
1570 1203 1939 1275 existimatque
1953 1238 1972 1266 ‚
2024 1201 2295 1258 destructo

193 1283 264 1336 riis
285 1283 642 1338 defenderent.
684 1284 790 1336 Alii
833 1284 1033 1356 quavis
1070 1283 1184 1336 ivet-
1269 1284 1426 1338 cratis
1448 1295 1729 1349 contextu,
1758 1283 1851 1356 qui
1879 1283 2053 1335 suerat
2072 1301 2295 1352 operose

191 1363 357 1432 λέμτα
381 1363 661 1417 involucra
685 1364 761 1417 sic
792 1363 1052 1435 appellari
1080 1382 1183 1434 pu·
1269 1364 1619 1416 concinnatus
1650 1403 1670 1428 ,
1751 1373 2019 1433 exemptas
2078 1360 2296 1416 schedas

195 1455 280 1494 tant
296 1481 312 1507 ‚
369 1443 514 1515 quod
575 1444 644 1496 iis
719 1456 1029 1514 aegei-antur
1046 1483 1063 1507 ‚
1128 1456 1182 1496 et
1267 1445 1486 1497 seorsim
1506 1442 1707 1496 siccari.
1736 1440 2114 1496 Guillandinus
2133 1441 2294 1494 etiam

191 1537 475 1592 seponantur
491 1563 508 1586 ‚
557 1541 622 1576 ac
691 1535 1002 1594 separentur
1053 1541 1181 1593 quo
1265 1523 1428 1594 paulo
1453 1537 1608 1584 ante,
1657 1524 1953 1576 Transi-ersa
1982 1534 2151 1592 pastea
2187 1534 2295 1574 cute

193 1601 425 1656 occultant.
441 1604 652 1656 Dante.
680 1633 761 1645 ——
783 1602 1179 1676 Segeste-iamque.
1258 1606 1533 1674 peragitur.
1562 1599 1670 1656 Sed
1701 1602 1847 1674 piget
1871 1603 1971 1656 ista
2000 1601 2295 1672 similiaque

193 1679 272 1733 Pro
295 1682 476 1735 chartis
491 1721 510 1746 ,
543 1681 742 1754 inquit,
766 1695 818 1735 et
841 1682 1180 1754 segestribus,
1264 1699 1714 1746 commemorare,
1738 1701 1859 1754 quae
1878 1695 2073 1751 praeter
2090 1682 2296 1752 conspi-

192 1759 400 1814 mercium
425 1762 720 1815 involucris
753 1761 1053 1826 adhibetur,
1085 1763 1178 1816 Se·
1261 1774 1471 1816 rantem
1516 1761 1760 1816 codicum
1811 1771 2129 1814 consensum
2179 1761 2294 1833 ipsa

193 1841 341 1908 gem-ia
363 1842 562 1912 vulgus
599 1840 746 1912 apud
785 1858 882 1895 nos
917 1841 1176 1912 appellat,
1263 1841 1519 1896 orationis
1545 1842 1800 1895 Pliniana
1821 1879 1838 1906 ,
1864 1859 2023 1913 quam
2046 1840 2291 1911 planissi-

192 1918 252 1970 ὼ
273 1919 538 1991 ,ιεφιἹὶἱὲι-εε
557 1959 574 1984 ,
615 1921 814 1993 quibus
851 1939 1052 1976 merces
1091 1921 1176 1972 in·
1263 1938 1406 1974 mam
1428 1939 1537 1975 esse
1553 1920 2053 1983 demonstravitum,
2078 1931 2292 1974 textura

194 1999 299 2052 volvi
318 2001 503 2055 solent.
527 1999 672 2053 Vide
684 2000 938 2054 vossium
966 1999 1022 2052 in
1043 1999 1175 2071 Ety-
1263 1999 1519 2053 convellit
1564 2019 1623 2053 ac
1664 1999 1855 2072 rejicit.
1899 2031 1980 2043 —
2040 2000 2293 2052 Texantur

193 2078 423 2150 nologico.
453 2081 642 2134 Hann.
1263 2099 1439 2134 omnes.
1485 2079 1683 2133 Omnia
1738 2097 1931 2150 genera
1985 2079 2290 2132 chartarum

254 2160 326 2214 15.
349 2161 400 2214 A
427 2160 790 2213 mercatoribus.
821 2159 970 2226 Quos
1002 2158 1176 2213 Graeci
1259 2159 1505 2230 superius
1530 2172 1821 2212 memorata
1854 2169 2107 2211 texuntur
2132 2166 2293 2229 supe'r

193 2239 377 2308 ἐμπόρους
393 2253 610 2294 vocant.
633 2241 816 2293 uino.
895 2255 906 2264 ·
1261 2239 1467 2306 tabula,
1487 2240 1597 2292 sive
1626 2255 1797 2290 assere
1818 2237 1999 2309 ligneo
2012 2276 2028 2302 ,
2066 2238 2159 2310 qui
2177 2238 2287 2290 Nili

253 2323 325 2372 16.
341 2319 604 2394 papyrum.
625 2319 784 2372 Nunc
804 2317 1024 2372 demum
1047 2336 1176 2372 ven-
1260 2319 1411 2390 prius
1429 2337 1566 2391 aqua
1590 2316 1829 2372 madeat:
1849 2317 1965 2370 haec
1984 2317 2126 2370 enim
2146 2327 2287 2388 aqua

197 2407 277 2449 tum
317 2413 389 2453 est
447 2399 523 2454 ad
575 2401 833 2453 extimum
889 2399 1172 2463 corticem,
1259 2399 1476 2470 glutinis
1502 2399 1665 2451 instar
1690 2409 1797 2463 est,
1824 2415 1992 2469 quum
2017 2396 2287 2469 precipue

196 2478 306 2546 quod
325 2498 592 2554 papyrum
619 2492 792 2532 vocat.
807 2477 988 2531 Han.
1260 2490 1338 2532 est
1381 2477 1613 2532 turbida.
1661 2478 1799 2530 Texi
1840 2495 2006 2549 porro
2048 2495 2287 2549 papyrus

255 2576 324 2628 17.
365 2561 744 2632 Extremumque
777 2562 878 2630 ejus
917 2561 1076 2630 scis-po
1105 2561 1173 2609 si·-
1259 2557 1537 2612 dicebatur
1554 2597 1571 2625 ,
1604 2557 1750 2631 quod
1790 2557 1949 2628 plane
1986 2556 2045 2610 iu
2080 2575 2287 2610 morem

195 2637 287 2690 nik.
305 2639 512 2694 vetusti
561 2638 773 2692 codices
819 2638 1005 2709 legunt
1043 2640 1174 2689 extc'-
1258 2639 1482 2692 telarum
1520 2639 1703 2710 peragi
1722 2638 1932 2707 'soleret
1946 2676 1961 2701 ,
1990 2649 2044 2690 et
2087 2650 2286 2690 stamen

196 2733 310 2777 m,
349 2719 496 2792 quod
535 2721 727 2792 probo.
773 2717 971 2788 Scir-pus
1011 2718 1170 2771 Festo
1259 2737 1417 2771 suum
1435 2757 1452 2785 ,
1493 2735 1757 2789 suumque
1798 2717 2105 2781 subtemen,
2142 2714 2287 2768 haud

193 2795 340 2860 juncus
363 2800 646 2870 palustris,
685 2815 970 2871 procerus,
1010 2811 1064 2850 et
1094 2797 1173 2850 le·
1259 2799 1437 2852 minus
1463 2815 1623 2870 quam
1652 2798 1754 2851 tela
1773 2835 1790 2862 ,
1826 2797 2062 2849 haberet.
2100 2797 2283 2849 Hum.

195 2874 273 2938 vis,
291 2897 317 2930 e
343 2897 443 2950 quo
489 2891 686 2950 tegetes
725 2879 895 2945 fiunt,
939 2877 998 2930 id
1026 2875 1172 2952 quod
1346 2895 1436 2946 19.
1467 2879 1635 2930 Primo
1666 2880 1855 2948 supina.
1882 2876 2069 2928 Erecta
2099 2877 2287 2947 paulu·

195 2959 341 3023 repetit
359 2958 482 3026 Isid.
510 2958 748 3029 Etymol.
766 2958 952 3020 xvll,
985 2975 1040 3026 9.
1064 2957 1172 3009 Pli-
1257 2958 1399 3019 lum,
1427 2957 1725 3030 supinaque
1742 2957 1920 3010 tabula
1940 2995 1955 3022 ,
1976 2955 2169 3009 scheda
2192 2965 2285 3009 seu
2390 2989 2397 2994 -

195 3032 446 3105 uio‚xxl,
481 3057 550 3108 ¹9
571 3076 588 3103 ,
613 3038 891 3102 Mau-iscus,
916 3037 986 3090 ad
1007 3037 1173 3091 vitilia
1255 3037 1470 3109 philyra
1512 3040 1689 3108 prim'o
1730 3036 1985 3090 adlinitur
2003 3076 2020 3102 ,
2060 3053 2179 3106 quae
2225 3051 2285 3089 ea

195 3123 232 3164 et
251 3117 471 3172 texendas
499 3128 702 3190 tegetes
722 3114 947 3170 idoneus
969 3157 984 3181 ‚
1029 3117 1175 3171 Grae-
1259 3115 1595 3188 longitudine
1626 3119 1717 3180 sit,
1748 3135 1851 3189 qua
1876 3124 2141 3189 papyrum
2170 3128 2247 3168 est
2266 3153 2281 3177 ,

194 3205 333 3247 eorum
353 3197 742 3252 holoschoenos.
757 3199 895 3250 Du..
998 3201 1004 3207 '
1260 3195 1404 3250 unde
1431 3209 1637 3251 exsecta
1667 3196 1878 3269 philyra
1905 3208 2013 3261 est,
2038 3195 2285 3267 resegmi-

257 3277 330 3329 18.
367 3279 620 3330 Texantur
645 3296 804 3329 omnes
836 3277 1054 3328 madente
1085 3289 1165 3328 ta·
1259 3275 1418 3330 nibus
1441 3278 1725 3350 utrimque'
1736 3277 2035 3348 amputatis.
2065 3275 2192 3327 Mox
2218 3277 2288 3328 ab

195 3349 278 3403 3⁸1⁶
321 3357 421 3410 Nili
470 3369 620 3429 aqua.
690 3358 770 3410 Ita
823 3356 978 3410 MSS.
1033 3358 1164 3428 neg.
1253 3367 1481 3426 utroque
1509 3357 1653 3410 illius
1677 3356 1842 3409 latere
1867 3355 1966 3408 alia
1994 3367 2150 3426 atque
2182 3355 2283 3407 alia

197 3427 311 3487 (bib,
337 3449 386 3489 et
419 3438 540 3490 Par.
579 3437 639 3490 in
682 3436 910 3508 quibus,
948 3436 1168 3488 madente
1239 3434 1594 3508 'adjungiturz
1618 3447 1678 3489 ut
1696 3436 1945 3507 pluribus
1968 3434 2143 3488 tabula
2160 3445 2288 3486 ster-

199 3510 349 3579 ΐόιὶα,
368 3535 484 3569 mox
504 3517 711 3586 glutinis
727 3515 952 3588 proebet'
933 3534 1164 3580 ini-,ecum
1253 3529 1414 3569 natur
1446 3515 1701 3588 philyris,
1740 3511 2193 3586 quemadmodum
2226 3515 2284 3566 in

195 3585 373 3659 legitur.
398 3615 504 3648 non
529 3608 592 3649 ut
614 3597 738 3648 libri
765 3595 1000 3666 vulgati,
1031 3597 1170 3648 «Te-
1256 3595 1355 3649 tela
1404 3609 1607 3651 stamen
1642 3595 1745 3648 filis
1785 3593 2031 3664 pluribus
2078 3605 2285 3648 constat

195 3684 347 3725 :untur
369 3693 550 3728 omnes
580 3676 776 3729 tabulas
801 3672 1165 3730 madentes...
1253 3676 1536 3745 parallelis.
1570 3671 1919 3729 Cassiodorus
1940 3673 1980 3726 l.
2014 3691 2062 3725 c.
2093 3672 2162 3725 de
2188 3691 2283 3744 pa-

196 3745 330 3818 liquor
373 3755 478 3808 vim
534 3755 728 3825 glutini
781 3754 984 3826 praebet
1043 3773 1166 3808 cum
1253 3773 1426 3827 pyro:
1460 3755 1765 3808 «Junctura
1792 3754 1904 3806 sine
1942 3754 2121 3818 rimis,
2156 3771 2284 3807 con-

197 3829 388 3894 fimo.-
415 3835 675 3888 Traducit
693 3853 746 3888 se
765 3833 1167 3898 Guiuandinus,
1255 3835 1473 3888 tinuitas
1514 3833 1585 3888 de
1608 3833 1847 3888 minutiis
1862 3873 1877 3898 ,
1896 3835 2097 3887 viscera
2131 3836 2287 3886 nivea

115 3927 128 3950 ·
198 3923 326 3974 quum
359 3913 480 3986 legit
521 3927 740 3986 postea,
780 3919 1022 3967 siccantur
1047 3927 1169 3967 sutoe
1255 3915 1525 3968 virentum
1548 3915 1839 3967 herbarum
1859 3954 1873 3979 ‚
1896 3913 2283 3986 scripturabilis

196 3985 402 4057 plaguloe:
431 4009 482 4049 et
513 3995 745 4066 Scaliger
784 3996 838 4047 in
869 3993 1166 4048 Guillandiz·
1257 3994 1439 4058 facies,
1459 4013 1578 4065 quae
1610 3993 1941 4066 nigredinem
1970 3994 2189 4063 suscipit
2216 3991 2283 4044 ad

199 4081 329 4135 aum,
349 4071 470 4126 dum
506 4076 742 4142 mavult,
781 4081 1022 4128 siccantur
1049 4075 1170 4127 τοίω
1258 4073 1503 4129 decorem
1521 4115 1538 4142 ,
1565 4089 1666 4129 etc.
1694 4103 1717 4124 a·
1752 4075 1935 4130 Hiar».

1901 4169 2017 4252 13⁴
