2984 5009
613 443 753 540 598

1163 448 1239 515 C.
1292 448 1634 516 PLINII
1683 446 1897 514 NAT.
1951 446 2211 512 HIST.

609 574 689 638 In
726 571 803 639 iis
846 592 971 639 nec
1012 593 1219 655 vena,
1282 595 1408 641 nec
1469 570 1714 667 pulpa,
1751 569 2045 665 quodam
2099 566 2270 637 callo
2315 569 2528 638 carnis
2575 568 2642 635 in
2685 592 2748 636 se

546 708 574 741 α
612 674 1034 747 convoluto&
1068 680 1217 747 Hoc
1244 680 1794 773 pretiosissimum
1821 678 1891 744 in
1914 661 2122 745 citro⁸
2127 690 2241 763 ,et
2263 698 2476 744 acere.
2507 676 2752 745 Caetera

612 808 992 853 mensarum
1024 808 1267 879 genera
1294 784 1498 854 fissis⁹
1523 783 1874 854 arboribus
1909 784 2318 853 circinantur
2351 783 2420 849 in
2458 780 2750 876 pulpam·

616 889 861 985 alioqui
892 889 1141 984 fragilis
1176 906 1348 961 esset
1390 916 1565 960 vena
1601 894 1670 959 in
1709 890 1942 960 orbem
1974 888 2304 959 arboris¹⁰
2341 912 2526 957 caesa.
2573 888 2754 981 Fagis

615 1000 912 1092 pectines
937 996 982 1021 ¹¹

1036 999 1397 1067 transversi
1440 1000 1509 1067 in
1555 997 1782 1093 pulpa.
1839 996 2039 1117 Apud
2082 993 2456 1089 antiquos¹'

2511 993 2660 1062 inde
2695 1006 2758 1061 et

613 1106 787 1173 vasis
826 1102 1063 1173 honos·
1123 1106 1391 1173 Manius
1437 1104 1722 1176 Curius¹
1705 1090 1751 1129 ¹³
1794 1104 2046 1197 juravit
2093 1128 2162 1172 se
2211 1128 2291 1171 ex
2347 1100 2574 1196 praeda
2605 1098 2758 1167 nihil

614 1212 935 1306 attigisse,
974 1225 1215 1305 praeter
1255 1227 1518 1307 guttum
1544 1199 1594 1243 ¹⁴
1636 1211 1975 1341 saginum,
2011 1234 2149 1305 quo
2191 1208 2614 1278 sacrificaret.
2647 1207 2758 1275 Li-

616 1342 823 1411 gnum
860 1319 930 1386 in
968 1316 1449 1411 longitudinem
1492 1302 1921 1388 fluctuatur²⁵

701 1535 756 1585 7.
792 1514 1017 1585 Quodam
1043 1514 1170 1567 callo
1198 1520 1359 1569 carnis
1390 1520 1441 1569 in
1465 1536 1518 1569 se
1538 1537 1652 1569 con·

621 1596 797 1646 voluto.
816 1596 1029 1665 Σπιίρας
1053 1608 1205 1649 vocat
1227 1596 1653 1668 Theophrastus,

622 1675 755 1727 Hist.
783 1674 880 1727 lib.
912 1675 1000 1741 V,
1028 1693 1145 1747 cap.
1189 1677 1221 1729 3
1241 1714 1256 1740 ,
1288 1695 1398 1749 quo
1440 1677 1496 1729 in
1534 1677 1657 1730 loco

621 1756 820 1825 spiram
844 1771 946 1809 nec
971 1753 1197 1821 nodum,
1225 1758 1349 1821 ὄζον,
1379 1774 1522 1823 esse,
1556 1774 1658 1809 nec

622 1836 853 1907 crispam
883 1836 1187 1897 materiam,
1226 1838 1468 1893 οὐλότητα
1490 1878 1507 1901 ,
1553 1837 1627 1890 ait

624 1913 1078 1988 quemadmodum
1131 1916 1189 1967 in
1237 1934 1388 1969 acere
1428 1929 1482 1970 et
1523 1916 1659 1969 citro

624 1996 833 2048 Plinius
861 1996 1263 2065 interpretatur.
1290 1998 1497 2050 Dante.

712 2078 765 2128 8.
810 2076 874 2127 In
903 2079 1027 2127 citro
1043 2108 1063 2137 ,
1094 2087 1145 2126 et
1192 2096 1344 2129 acere.
1394 2078 1475 2128 Ita
1505 2075 1658 2129 MSS.

629 2157 761 2225 Reg.
789 2155 948 2209 colb.
970 2155 1181 2207 Thuan.
1208 2156 1393 2209 Chifss.
1419 2170 1522 2209 etc.
1547 2167 1668 2209 non·

630 2235 790 2288 cedro.
834 2234 903 2287 Et
937 2233 1007 2289 de
1050 2235 1169 2288 citri
1213 2235 1429 2307 quidem
1471 2237 1662 2289 tubere

632 2314 868 2367 diximus
908 2315 1005 2369 lib.
1052 2314 1220 2377 XIII,
1266 2334 1382 2388 cap.
1437 2334 1542 2385 ²93
1591 2315 1662 2368 de

632 2395 821 2447 tubere
846 2396 1011 2447 aceris
1027 2434 1042 2460 ,
1068 2395 1195 2447 libri
1226 2396 1387 2468 hujus
1407 2415 1454 2449 c.
1483 2414 1575 2467 27.
1594 2394 1662 2449 H.

715 2494 771 2545 9.
814 2474 971 2528 Fissis
1011 2475 1278 2530 arboribus.
1328 2474 1413 2528 Ad
1457 2494 1664 2529 mensas

633 2551 955 2608 struendase
982 2555 1203 2627 reliquis
1230 2557 1485 2609 arborum
1510 2574 1666 2626 gene·

633 2634 812 2699 ribus,
832 2634 1116 2688 finduntur
1126 2636 1363 2705 primum
1378 2636 1595 2689 arbores
1607 2635 1664 2688 in

634 2713 1028 2785 longitudinem
1055 2734 1070 2766 t
1122 2713 1247 2768 dein
1294 2716 1490 2786 pulpa,
1531 2716 1587 2766 h.
1617 2734 1665 2767 e.

640 2812 763 2865 pars
791 2794 921 2865 ligni
944 2794 1063 2847 fisca
1088 2794 1159 2846 ad
1184 2813 1321 2866 opus
1338 2796 1663 2847 circinatur:

636 2891 740 2926 nec
760 2874 936 2926 statim
964 2874 1022 2925 in
1044 2874 1231 2927 orbem
1254 2915 1269 2937 ,
1294 2874 1405 2927 sive
1428 2892 1527 2945 per
1552 2874 1670 2926 lati·

640 2951 885 3005 tudinem
922 2972 985 3005 ac
1011 2954 1351 3006 transversim
1396 2954 1552 3006 arbos
1583 2950 1668 3005 di-

640 3031 875 3098 viditur,
897 3032 1149 3103 quoniam
1178 3032 1381 3103 fragilis
1400 3045 1514 3085 tum
1536 3052 1668 3085 vena

642 3112 814 3178 soret,
843 3130 935 3166 neu
964 3112 1117 3167 facile
1144 3114 1491 3183 frangeretur.
1519 3114 1588 3166 H.

731 3212 819 3247 10.
850 3193 1075 3246 Arboris.
1098 3192 1405 3265 Dalecamp.
1436 3192 1560 3247 cod.
1579 3191 1672 3247 dat

642 3271 831 3325 arbore.
858 3274 963 3326 Eu.

730 3368 754 3404 x
770 3371 819 3406 ι.
848 3353 1086 3405 Pectines.
1120 3353 1208 3405 Sic
1234 3352 1582 3424 appellantur
1605 3352 1672 3405 li·

640 3451 757 3486 neoe
780 3432 1022 3505 quadam
1055 3432 1351 3505 ductusque
1376 3451 1475 3504 per
1500 3433 1672 3503 longi·

643 3511 888 3566 tudinem
918 3514 1173 3566 arborum
1198 3511 1639 3584 latitudinemque
1655 3552 1671 3579 ‚

641 3594 883 3645 amnium
909 3593 1235 3663 anguiumve
1275 3611 1426 3645 more
1454 3610 1672 3664 serpen·

645 3684 723 3724 tes
746 3691 761 3722 ι
783 3672 877 3744 qui
903 3669 1095 3725 ductus
1128 3674 1183 3725 in
1205 3672 1373 3743 polita
1398 3673 1670 3743 praecipue

643 3752 861 3805 materia
874 3791 889 3817 ,
916 3770 1027 3803 non
1046 3752 1159 3805 sine
1175 3748 1404 3823 quadam
1426 3751 1669 3805 colorum

642 3833 923 3895 varietate,
954 3831 1227 3902 conspicui
1264 3843 1385 3884 eunt
1412 3828 1670 3892 κτηδόνις.

644 3910 919 3964 Venarum
944 3930 1129 3965 cursus
1152 3912 1383 3982 appellat
1400 3950 1415 3977 ,
1436 3928 1550 3982 cap.
1571 3916 1664 3982 76.

643 3991 842 4055 Gallis,
868 3995 1046 4043 veiens.
1077 3990 1259 4044 Hum-

732 4089 822 4125 ιι.
860 4071 1015 4143 Apud
1036 4060 1275 4143 antiquos.
1311 4071 1506 4141 Virgil-
1550 4071 1664 4125 Ecl.

1954 1342 1969 1384 ι
2015 1330 2094 1385 ut
2131 1340 2280 1410 quae
2320 1338 2480 1411 pars
2526 1314 2649 1383 fuit
2684 1311 2760 1379 ab

1745 1516 1830 1569 111
1851 1552 1868 1581 ,
1897 1534 2037 1569 vern.
2073 1513 2146 1569 36
2175 1532 2188 1567 :
2222 1538 2246 1561 ·
2265 1513 2465 1567 Pocula
2487 1532 2678 1585 ponam
2699 1513 2764 1564 fa-

1746 1597 1890 1667 gina.
1918 1621 1941 1643 n
1971 1594 2232 1658 Ovidius,
2273 1594 2638 1665 Metamorph.
2676 1593 2760 1645 lib.

1746 1676 1914 1740 VIII,
1937 1694 2077 1729 vers.
2111 1678 2226 1743 669
2255 1693 2270 1725 ε
2299 1700 2324 1723 ι
2342 1674 2557 1727 caelatus
2589 1671 2762 1725 eodem

1747 1755 1962 1808 Sistitur
1996 1767 2217 1825 argento
2257 1766 2430 1806 crater
2443 1792 2460 1819 ‚
2501 1753 2762 1806 fabricata·

1643 1874 1660 1901 ,
1685 1874 1692 1881 .
1746 1854 1852 1907 que
1879 1834 1999 1905 sago
2033 1834 2250 1888 Pocula.
2278 1858 2302 1879 ι
2335 1833 2526 1887 Halan-

1837 1939 1856 1969 ι
1872 1917 1923 1970 3.
1951 1914 2152 1966 Manius
2171 1914 2368 1967 Curius.
2391 1912 2484 1967 Ad
2509 1914 2680 1967 focum
2699 1930 2766 1964 se-

1749 1993 1894 2048 denti
1912 1995 2086 2059 illi,et
2110 1992 2260 2065 quod
2283 1992 2574 2046 Athenaeus
2597 2010 2656 2045 ex
2669 1992 2766 2044 Me·

1748 2076 1900 2146 gacle
1913 2074 2094 2140 tradit,
2110 2092 2300 2145 rapum
2319 2074 2593 2145 coquenti,
2612 2090 2762 2143 quum

1751 2154 2014 2208 Samnites
2035 2172 2290 2225 mag-num
2317 2154 2434 2207 auri
2463 2151 2672 2225 pondus
2697 2164 2764 2205 at·

1750 2235 1992 2288 tulissent
2006 2274 2021 2299 ,
2045 2231 2314 2305 repudiati
2331 2246 2474 2288 sunt.
2495 2234 2620 2286 Non
2639 2234 2762 2285 enirn

1751 2332 1940 2367 aurum
1981 2314 2179 2367 habere
2217 2313 2540 2385 praeclarum
2575 2313 2674 2366 sibi
2697 2311 2764 2364 vi-

1751 2392 1868 2449 deri
1903 2392 2070 2459 dixit,
2111 2392 2204 2446 sed
2245 2393 2320 2446 eis
2343 2432 2361 2458 ,
2403 2393 2498 2465 qui
2529 2393 2766 2447 haberent

1753 2492 1943 2527 aurum
1960 2512 1977 2541 ,
2003 2474 2289 2545 imperare.
2303 2473 2571 2527 Ciceroin
2593 2474 2764 2527 Caton.

1752 2554 1986 2625 Μήσας
2002 2554 2213 2607 Victor.
2233 2552 2328 2607 lib.
2345 2554 2426 2619 X,
2446 2572 2498 2607 c.
2525 2556 2556 2608 5
2571 2572 2588 2620 ς
2605 2553 2764 2604 Valet.

1751 2634 1896 2687 Max.
1939 2634 2033 2686 lib.
2078 2634 2183 2697 IV,
2221 2652 2339 2704 cap.
2373 2634 2429 2687 3.
2483 2634 2767 2686 Dum.—

1758 2714 1955 2767 Coerc'us.
1995 2714 2078 2766 De
2123 2732 2232 2783 quo
2272 2715 2383 2785 jam
2429 2710 2664 2767 diximus
2683 2712 2766 2764 lib.

1755 2795 1901 2858 vn,
1930 2812 2052 2863 cap.
2087 2793 2173 2846 15.
2203 2792 2383 2845 Hnm.

1844 2892 1868 2928 ι
1883 2881 1936 2937 4.
1975 2873 2196 2927 Guttam.
2227 2873 2416 2926 Poculi
2444 2892 2614 2945 genus
2633 2914 2649 2937 ,
2677 2890 2767 2945 quo

1756 2952 1812 3006 in
1847 2954 2118 3007 sacrificiis
2143 2954 2448 3022 mensisque
2469 2955 2766 3015 utebantur,

1758 3045 1812 3086 et
1827 3052 1935 3104 quo
1955 3034 2202 3105 guttatim
2227 3032 2622 3086 infundebatur
2633 3050 2766 3105 aqua.

1759 3112 1978 3166 Plautus
1995 3134 2010 3165 x
2033 3140 2058 3161 α
2076 3112 2153 3165 Ut
2169 3112 2434 3184 guttulam
2463 3114 2696 3167 hauriret
2711 3130 2766 3164 ex

1759 3193 1987 3264 guttulo.
2010 3218 2034 3239 ι
2069 3190 2254 3245 Ham».

1847 3290 1870 3325 ι
1885 3271 1934 3326 5.
1951 3274 2004 3325 F
1999 3274 2262 3325 [uoluatur.
2279 3272 2418 3325 Mari
2435 3272 2768 3344 immergitur,

1761 3365 1823 3405 ut
1846 3352 2010 3406 veluti
2037 3349 2345 3416 condiatur,
2365 3370 2425 3405 ac
2465 3366 2765 3411 maceretur,

1761 3443 1816 3484 et
1839 3430 2146 3485 firmitatem
2171 3432 2410 3504 accipiat.
2431 3432 2766 3503 Theophrast.

1763 3510 1897 3565 nist.
1927 3512 2022 3566 lib.
2047 3514 2120 3577 V,
2145 3530 2262 3583 cap.
2295 3516 2348 3565 6.
2379 3512 2576 3565 Robur
2601 3526 2650 3565 et
2667 3510 2770 3564 lari·

1759 3610 1900 3657 cem,
1949 3592 2130 3663 inquit
2149 3632 2165 3657 ,
2211 3610 2378 3663 quum
2405 3592 2462 3645 iu
2493 3592 2630 3645 mari
2655 3608 2768 3645 con·

1756 3668 1943 3733 diunt,
1971 3668 2088 3742 δρῦν
2115 3672 2201 3725 καὶ
2237 3674 2421 3729 munim
2438 3713 2452 3733 ,
2499 3673 2620 3725 ὅταν
2649 3690 2768 3741 rapt·

1756 3752 1938 3819 χιὺωσι
1975 3756 2042 3819 τῇ
2066 3752 2330 3817 θαλάττῃ,
2370 3764 2424 3804 et
2467 3770 2587 3822 quo
2623 3749 2768 3804 radici

1757 3832 2018 3903 propiora
2043 3842 2204 3897 sunt,
2225 3830 2388 3883 citius
2409 3832 2468 3883 in
2491 3850 2627 3902 aqua
2651 3848 2771 3882 mer·

1759 3922 1984 3982 guntur,
2007 3928 2070 3965 ac
2095 3912 2218 3981 plus
2241 3909 2448 3964 ceteris
2481 3910 2686 3975 sidunt,
2711 3910 2764 3962 τὶ

1758 4011 1875 4123 3ος
1913 4010 2002 4045 vm
2033 3992 2199 4125 ῥίζῗν,
2239 3995 2448 4123 θᾶττοῶ
2455 3988 2646 4123 δὺιτὲι
2673 3979 2767 4041 zat

1825 4090 1942 4131 σιτ-ος
1959 4110 1974 4137 ,
2004 4073 2088 4126 καὶ
2139 4091 2323 4125 munet
2352 4093 2392 4143 μ.
2443 4090 2536 4124 mv
