2984 5009
627 428 723 499 26

1176 432 1254 499 C.
1301 430 1638 503 PLlNll
1688 430 1907 499 NAT.
1949 428 2217 497 HIST.

625 577 728 635 est
747 576 970 635 autem
989 559 1120 632 mei
1157 563 1226 633 in
1253 561 1690 635 arundinibus
1715 558 2065 634 collectum
2082 558 2131 645 ²,
2157 560 2527 655 gummium
2564 560 2767 631 modo

623 668 976 743 candidum
997 721 1017 755 ,
1050 667 1362 738 dentibus
1395 668 1631 763 fragile
1650 722 1670 755 ‚
1700 666 2177 761 amplissimum
2215 668 2403 740 nucis
2448 665 2770 735 avellanae

625 774 1112 869 magnitudine,
1151 774 1236 844 ad
1280 774 1622 848 medicinae
1661 788 1917 856 tantum
1954 798 2169 844 usum.

625 937 906 992 'arundinis
925 938 1088 1009 ipsius
1114 938 1312 991 humor
1338 937 1535 1003 dulcis,
1556 937 1651 991 Se·

627 1036 760 1071 neca
795 1017 1134 1084 subdubitat,
1162 1019 1316 1088 epist.
1349 1020 1444 1073 85.
1469 1020 1655 1089 Ipsum

627 1116 808 1151 rorem
835 1116 969 1163 esse,
997 1117 1156 1169 quem
1177 1098 1256 1151 sol
1286 1096 1654 1169 iis-arundini-

631 1178 735 1238 bus
761 1190 942 1249 cogat,
979 1177 1043 1229 ad
1079 1175 1482 1231 similitudinem
1506 1178 1654 1248 salis,

625 1257 906 1327 mellisque
957 1256 1296 1310 dulcedinem
1316 1297 1334 1322 ,
1385 1256 1657 1310 affirmant

631 1335 906 1401 Galenus,
941 1336 1008 1390 de
1041 1338 1161 1389 Fac.
1199 1336 1356 1407 simp.
1383 1336 1528 1389 med.
1558 1338 1655 1390 lib.

629 1416 768 1481 vu,
823 1429 948 1487 pag.
997 1434 1125 1487 ²⁰73
1165 1416 1375 1471 Oribas.
1415 1417 1511 1469 lib.
1556 1418 1657 1485 XI,

628 1496 727 1548 fol.
783 1495 885 1548 205
915 1534 933 1559 ,
985 1497 1077 1549 ubi
1136 1496 1422 1549 Mar-coron
1469 1510 1655 1559 νοοίης

629 1576 782 1635 Alex.
810 1574 1052 1645 Aphrod.
1087 1574 1142 1627 in
1169 1576 1442 1631 Problem.
1471 1589 1527 1628 et
1556 1578 1655 1629 Isi-

631 1652 754 1707 dor.
780 1652 930 1725 Orig.
958 1654 1082 1718 XX,
1101 1676 1151 1709 a.
1176 1654 1254 1709 Ex
1281 1654 1468 1707 iisdem
1490 1674 1655 1713 arun-

631 1732 878 1797 dinibus,
900 1734 1096 1805 quibus
1119 1748 1173 1787 et
1199 1748 1435 1787 nostrum
1464 1735 1659 1807 excipi·

631 1826 752 1877 tur,
794 1813 941 1865 senio
980 1814 1257 1875 confectis,
1289 1812 1541 1885 lacryma
1566 1834 1658 1867 seu

633 1893 839 1963 gummi
871 1892 1034 1953 modo
1064 1892 1310 1954 effluere,
1345 1912 1406 1946 ac
1435 1912 1658 1946 concre-

631 1990 810 2037 scere,
845 1990 984 2024 unus
1023 1971 1249 2025 credidit
1277 1972 1567 2029 Saracenus
1600 1972 1657 2025 in

631 2052 771 2105 notis
796 2049 864 2103 ad
897 2052 1078 2105 Diosc.
1116 2051 1299 2106 Hsau.
1337 2084 1416 2095 —
1441 2050 1659 2105 Succha-

632 2150 720 2182 ron
746 2130 994 2183 “Arabia
1007 2133 1129 2197 sert,
1145 2142 1246 2183 etc.
1265 2132 1442 2187 Diosc.
1467 2132 1563 2185 lib.
1584 2134 1660 2198 11,

633 2228 748 2283 cap.
793 2217 936 2273 104:
963 2212 1210 2269 Kaoetm
1252 2210 1314 2264 δι’
1341 2234 1388 2266 τι
1416 2210 1500 2265 καὶ
1533 2232 1659 2265 σακ-

631 2308 779 2357 χοιρον
816 2284 946 2353 εἶδες
991 2292 1041 2345 ὃν
1083 2294 1277 2361 μέλιτος
1315 2294 1362 2343 ἐν
1392 2282 1537 2359 Ῐνδίᾳ
1572 2312 1662 2343 πε-

630 2370 880 2441 πηγότος,
917 2368 1000 2423 καὶ
1031 2377 1096 2439 τῇ
1135 2366 1390 2441 εὐδαίμονι
1423 2346 1611 2440 Apulei
1590 2390 1655 2436 α,

632 2448 1007 2521 εὑρισκόμενον
988 2452 1069 2502 επὶ
1099 2457 1195 2504 τῶν
1219 2454 1454 2521 καλάμων
1483 2454 1548 2515 τῇ
1573 2469 1658 2501 συ·

631 2546 776 2587 eoum
802 2528 932 2581 ἁλσί.
967 2528 1238 2581 Nearchus
1265 2528 1408 2602 apud
1437 2528 1658 2581 Strabo-

630 2624 782 2671 nem,
821 2607 914 2662 lib.
945 2608 1086 2661 XV:
1121 2608 1294 2677 Εἴρηκε
1328 2603 1388 2661 δὲ
1428 2607 1515 2661 καὶ
1547 2606 1656 2679 περὶ

553 2682 560 2687 ’
631 2694 728 2742 τῶν
752 2687 987 2757 καλάμων
1018 2687 1092 2740 ὅτι
1112 2692 1304 2739 ποιοῦσι
1327 2689 1466 2759 μέλι,
1485 2694 1658 2757 μελισ-

633 2772 731 2820 σῶν
759 2766 826 2836 μὴ
861 2769 1033 2819 οὐσῶν.
1079 2766 1238 2821 Hisce
1285 2785 1314 2819 e
1343 2767 1659 2821 testimoniis

631 2844 698 2897 cl.
724 2844 1037 2911 spument,
1062 2838 1256 2901 Bodaeo
1283 2847 1503 2918 aliisque
1524 2866 1657 2917 prae-

633 2925 914 2989 euntibus,
935 2926 1074 2979 nihil
1107 2924 1256 2979 aliud
1291 2946 1400 2979 esse
1439 2926 1657 2979 saccha-

630 3023 748 3058 rum
777 3004 1033 3060 Veterum
1074 3007 1443 3077 pronuntiavit
1496 3024 1654 3077 quam

630 3084 854 3137 Bambon
874 3086 1243 3140 αναηᾰίησσεαηι
1266 3080 1436 3147 (Hes.
1463 3105 1655 3155 monog.

630 3162 775 3216 Pers.
792 3182 910 3233 gen.
931 3168 1056 3235 871.
1081 3164 1373 3217 Bambusam
1396 3166 1659 3217 arundinea

630 3262 788 3311 ceam,
814 3242 1016 3299 Willd.
1063 3244 1284 3298 Gmmin.
1331 3234 1507 3313 Juss.)
1548 3242 1656 3296 Sed

632 3322 746 3395 ipsa
791 3323 895 3375 viri
944 3325 1106 3377 verba
1149 3324 1444 3377 exscribere
1493 3325 1658 3377 satius

629 3402 792 3459 fuerit
835 3422 849 3455 z
907 3430 929 3450 ι
955 3403 1148 3475 Liquet
1211 3400 1370 3467 iude,
1430 3418 1651 3475 quanto-

627 3500 756 3556 pere
788 3480 1000 3537 differat
1051 3482 1356 3537 saccharum
1391 3484 1651 3536 Veterum

629 3581 658 3613 a
697 3576 898 3615 nostru.
941 3560 1008 3615 Id
1053 3563 1212 3617 sensit
1277 3564 1480 3633 primus
1542 3564 1652 3617 fere

627 3640 948 3706 Manardus,
989 3640 1474 3697 contradicentibus
1514 3644 1650 3695 Mat·

628 3720 798 3773 thiolo
813 3761 830 3785 ‚
849 3720 1129 3775 Mundclia
1148 3724 1387 3793 aliisque.
1417 3724 1561 3775 Bene
1584 3722 1647 3775 il-

627 3798 872 3854 lustravit
895 3802 1031 3857 hanc
1065 3820 1176 3853 rem
1200 3802 1509 3865 Salmasius,
1536 3804 1647 3855 Ho-

625 3899 766 3932 mon.
805 3880 917 3950 hyl.
959 3881 1077 3933 iatr.
1115 3900 1230 3952 pag.
1278 3901 1399 3951 109.
1426 3880 1647 3935 Garoias

623 3973 828 4018 autem.
851 3960 986 4013 Hist.
1015 3964 1200 4011 Arom.
1227 3962 1286 4027 1,
1321 3979 1408 4027 ια,
1441 3961 1647 4033 primus

623 4040 736 4093 scre
763 4038 946 4093 docuit
965 4040 1281 4099 hambusam
1307 4059 1488 4094 revera
1514 4041 1647 4093 mel·

1742 937 1809 991 lis
1835 936 2073 990 concreti
2114 935 2343 1007 speciem
2382 952 2483 1005 per
2522 934 2769 1005 genicula

1742 1016 2076 1071 transsudare
2088 1055 2105 1079 ,
2124 1034 2241 1088 qun
2258 1016 2565 1073 saccharum
2578 1032 2771 1069 verum

1742 1100 2002 1155 Veterum
2046 1096 2223 1152 fuerit.
2258 1096 2474 1151 Confer.
2509 1095 2708 1150 Christ.
2739 1114 2771 1147 a

1742 1178 1900 1230 Costa
1918 1214 1934 1245 ,
1955 1177 2152 1231 Histor.
2172 1180 2354 1236 Arom.
2374 1178 2428 1227 6.
2454 1174 2633 1227 Nostri
2660 1193 2773 1227 sac-

1742 1258 1919 1321 chari,
1950 1274 1979 1309 e
2008 1256 2363 1327 conquassatis
2400 1254 2619 1307 sac-ehad
2654 1254 2772 1306 cul-

1742 1337 1844 1389 mis
1891 1336 2121 1409 expressi
2140 1374 2157 1399 .
2202 1334 2483 1405 vestigium
2530 1334 2773 1405 primum

1740 1416 2003 1473 invenisse
2060 1416 2197 1469 mihi
2258 1412 2448 1469 videor
2496 1414 2553 1465 in
2603 1414 2773 1467 Mosis

1744 1494 2097 1549 Chorenensis
2144 1494 2429 1566 geograph.
2490 1492 2771 1546 Asmenic.

1742 1593 1862 1650 pag.
1898 1575 2009 1639 364
2029 1614 2045 1640 ,
2076 1576 2170 1646 qui
2203 1574 2271 1630 ad
2316 1568 2779 1645 Gondisaporam‚'

1742 1654 2008 1727 Euphrati
2068 1652 2391 1725 adjacentem
2415 1693 2431 1721 ,
2501 1653 2773 1722 optimum

1744 1734 1849 1787 coli
1877 1734 2183 1793 saccharum
2218 1733 2468 1786 affirmat.
2508 1732 2693 1796 Quum
2732 1732 2778 1783 is

1743 1814 1972 1885 scriptor
1996 1813 2187 1867 saeculo
2214 1814 2406 1883 quinto
2429 1808 2609 1864 medio
2630 1812 2776 1865 vixe-

1743 1894 1845 1961 rit,
1884 1906 2010 1947 ante
2051 1893 2164 1945 haec
2200 1905 2443 1965 tempora
2474 1892 2587 1944 solo
2614 1890 2777 1943 melle

1744 1972 1839 2025 illo
1868 1974 2134 2025 bambusae
2172 1984 2421 2028 concreto
2465 1970 2775 2025 utebantur.

1746 2051 1992 2105 Saraceni
2038 2052 2097 2103 id
2124 2052 2191 2103 ab
2236 2052 2509 2125 Euphrate
2550 2048 2775 2102 demum

1746 2132 1990 2203 Cyprum
2040 2146 2093 2184 et
2137 2130 2399 2184 Groeciam
2445 2142 2776 2201 transporta-

1744 2224 1870 2263 runt
1896 2202 2185 2281 (Bongars.
2206 2223 2347 2281 gesta
2368 2210 2468 2261 Dei
2486 2228 2582 2283 per
2608 2208 2776 2260 Fran·

1745 2308 1836 2342 cos
1870 2292 1942 2354 11,
1980 2280 2131 2361 270.)
2165 2290 2322 2347 Conf-
2346 2288 2415 2341 de
2442 2288 2597 2341 melle
2619 2288 2775 2339 bam-

1744 2370 1889 2423 husae
1912 2369 2049 2421 Phil.
2085 2368 2316 2423 Russel
2302 2390 2357 2421 m
2377 2368 2563 2420 Philas.
2590 2370 2778 2421 Trans-

1744 2460 1842 2501 σοι.
1892 2448 2131 2517 LXXX,
2183 2448 2316 2519 273.
2335 2475 2356 2495 ι
2406 2448 2562 2505 Conf.
2612 2447 2775 2499 etiam

1742 2526 1877 2580 Bod.
1899 2548 1927 2580 a
1942 2528 2136 2599 Stapel.
2158 2541 2271 2584 not.
2295 2528 2350 2579 in
2372 2528 2645 2598 Theophr.
2666 2527 2775 2595 lv,

1750 2626 1774 2660 1
1790 2627 1817 2659 a
1834 2646 1851 2678 ,
1884 2608 1978 2660 ubi
2008 2606 2077 2661 de
2112 2608 2213 2661 hac
2238 2625 2296 2659 re
2320 2606 2579 2660 fusissime
2602 2604 2775 2659 disse-

1741 2688 1833 2741 rit.
1866 2689 1972 2741 En.

1828 2787 1879 2820 a.
1909 2768 2006 2820 Est
2032 2778 2190 2819 autem
2214 2768 2309 2818 mel
2334 2766 2645 2819 arundinibus
2664 2766 2772 2817 col·-

1742 2846 1931 2899 lectum.
1972 2848 2095 2901 Non
2124 2845 2291 2909 dixit,
2339 2866 2399 2897 ex
2428 2844 2767 2900 arundinibus.

1742 2925 1907 2979 Aliud
1938 2940 2113 2979 tamen
2158 2926 2388 2979 sacchari
2432 2944 2600 2997 genus
2632 2924 2771 2990 fuit,

1742 3005 1887 3080 apud
1912 3007 2195 3077 Antiquos,
2215 3025 2281 3057 ex
2298 3006 2425 3077 ipsis
2442 3003 2773 3058 arundinum

1744 3085 2015 3139 radicibus
2059 3103 2393 3155 expressum,
2434 3098 2492 3137 ut
2522 3084 2598 3137 ait
2628 3084 2767 3137 soli·

1743 3185 1849 3218 nus
1867 3205 1881 3231 ,
1909 3184 1992 3219 ιιι
2011 3185 2027 3231 ;
2049 3178 2103 3217 et
2128 3166 2373 3219 Lucanus
2399 3166 2501 3228 111,
2528 3182 2605 3217 vs.
2630 3164 2699 3217 23
2712 3182 2770 3233 7:

1746 3245 2014 3315 ·Quique
2052 3245 2245 3297 bibunt
2284 3260 2465 3299 tenera
2491 3242 2672 3297 dulces
2698 3244 2771 3295 ab

1745 3324 2009 3378 arundine
2032 3344 2232 3378 succos.
2256 3351 2277 3372 ι
2308 3326 2379 3387 Et
2402 3322 2593 3377 Isidor.
2616 3323 2770 3393 Orig.

1746 3406 1930 3469 XVII,
1955 3423 2009 3475 7:
2042 3406 2139 3457 «In
2167 3403 2384 3469 Indicis,
2406 3404 2602 3475 inquit,
2624 3403 2772 3455 nasci

1745 3484 2029 3538 arundines
2062 3484 2358 3555 calamique
2384 3482 2663 3549 dicuntur,
2701 3502 2771 3535 ex

1742 3584 1973 3639 quorum
2006 3564 2276 3617 radicibus
2305 3582 2607 3633 expressum
2652 3580 2773 3615 sua-

1744 3646 2015 3707 vissimum
2063 3662 2279 3697 succum
2314 3645 2563 3696 bibunt..
2604 3640 2769 3695 Unde

1736 3739 1789 3777 et
1818 3726 1992 3776 Varro
2030 3723 2136 3777 ait:
2160 3748 2183 3769 ι
2210 3722 2392 3777 Indica
2418 3742 2527 3777 non
2570 3737 2770 3791 magna

1735 3804 1897 3856 nimis
1928 3804 2119 3859 arbore
2156 3804 2343 3856 crescit
2386 3800 2594 3855 arundo
2626 3821 2639 3852 ε
2690 3801 2769 3853 ΙΙ-

1735 3883 1840 3934 lius
1891 3900 1921 3935 e
1974 3883 2130 3934 lentis
2184 3882 2447 3953 premitur
2489 3880 2769 3936 radicibus

1736 3962 1956 4025 humor,
1996 3960 2185 4014 Dulcia
2204 3962 2290 4015 cui
2314 3956 2577 4033 nequeant
2600 3978 2769 4013 succo

1736 4039 2033 4095 concedere
2048 4042 2221 4095 mella.
2257 4069 2278 4089 -
2308 4041 2414 4094 Sed
2441 4054 2495 4094 et
2523 4039 2769 4095 sacchari
