2984 5009
964 463 1275 532 LlnER
1337 465 1498 530 xv.
2147 465 2290 555 409
2337 521 2348 534 .

196 597 325 668 dine
348 595 629 692 pediculi
652 595 979 666 distantia.
1010 597 1385 665 Favoniana
1412 593 1681 664 rubra¹¹
1705 645 1724 678 ‚
1767 594 1966 689 paulo
1971 594 2290 731 superbie

198 705 433 798 majora.
476 701 900 774 Lateriana¹'
904 755 975 786 ‚
952 687 1337 772 Aniciana¹³
1375 687 1994 796 postautumnalia¹⁴
2029 699 2292 770 acidulo

200 833 401 904 sapore
432 809 750 904 jucunda.
798 809 1145 879 Tiberiana
1188 807 1630 904 appellantur,
1670 833 1818 902 quae
1859 809 2142 876 maxime
2180 808 2298 876 Ti-

198 915 355 988 berio
395 917 679 1012 principi
728 918 1037 1011 placuere
1075 937 1092 978 :
1175 915 1559 984 colorantur
1603 916 1814 1009 magis
1877 913 2052 1002 sole,
2099 937 2296 1007 gran-

200 1021 629 1118 descuntque·
667 1021 912 1118 alioqui
950 1021 1179 1091 eadem
1218 1037 1465 1108 essent,
1491 1046 1636 1116 quae
1659 1022 2023 1090 Liceriana.
2064 1020 2300 1089 Patriae

199 1131 435 1199 nomina
499 1129 833 1216 habents
866 1130 1196 1200 serissima
1262 1131 1560 1198 omnium
1621 1129 1938 1222 Amerina
1966 1180 1987 1213 ‚
2062 1127 2300 1194 Pice-n-

200 1223 369 1304 tina¹⁵
396 1289 417 1320 ,
467 1235 910 1322 Numantina,
950 1233 1431 1322 Alexandrina,
1476 1234 1919 1319 Numidiam,
1979 1215 2280 1302 Graeca¹⁶
2285 1284 2304 1316 ,

202 1343 342 1410 etin
381 1339 485 1411 his
526 1343 941 1412 Tarentina:
981 1344 1289 1437 Signina,
1331 1366 1481 1437 quae
1513 1340 1622 1410 alii
1667 1365 1706 1410 a
1757 1339 1980 1411 colore
2015 1353 2305 1408 testacea

202 1447 532 1543 appellant:
578 1451 749 1519 sicut
786 1449 1115 1544 onychina
1138 1448 1208 1536 ¹⁷,
1254 1472 1610 1544 purpurea.
1654 1448 1757 1518 Ab
1799 1446 2040 1533 odore,
2083 1468 2304 1539 myra·
2343 1457 2375 1507 3

204 1640 257 1700 de
274 1650 332 1701 R.
356 1651 423 1702 R.
451 1647 616 1722 Apud
652 1649 986 1703 Muci-obium
1025 1651 1198 1702 Turri-

213 1732 363 1790 m'ana,
398 1731 552 1782 male.
581 1729 761 1782 Ham).

272 1826 352 1862 11.
384 1809 671 1862 Favoniana
693 1811 855 1862 rubra.
889 1810 1037 1881 Lego
1074 1827 1199 1862 cum

206 1885 545 1950 distinctione,
575 1889 855 1942 Favoniana
874 1931 889 1952 ,
925 1889 1101 1954 rubm,
1140 1901 1201 1942 ut

206 1967 259 2018 ait
273 1969 407 2020 rubra
424 1987 591 2040 genus
606 1989 705 2040 per
720 1987 775 2022 se
790 2010 804 2035 ‚
826 1967 975 2042 quod
995 1970 1203 2022 Macro-

204 2047 303 2100 bius
324 2048 536 2102 videtur
562 2049 829 2121 appellare
858 2049 1201 2102 rubile.P11ae·r.

207 2128 375 2180 —Fav
350 2135 553 2180 voniana
566 2133 729 2181 rubra.
746 2129 1047 2182 Favoniana
1061 2126 1203 2181 dicta

207 2219 401 2274 putant,
423 2207 572 2280 quod
599 2209 704 2262 Fax
694 2210 834 2262 onio
849 2208 1007 2262 flante
1029 2207 1208 2262 statim

208 2286 494 2341 formentur.
551 2290 754 2344 Diuo.
798 2320 877 2331 -
902 2289 1207 2341 Favone'ana.

206 2365 411 2420 Laudato
430 2370 544 2420 haec
566 2387 780 2442 quoque
804 2369 1145 2434 Columellae,
1170 2367 1205 2418 l.

209 2463 247 2497 e.
274 2449 315 2498 A
340 2449 609 2513 Favonio,
661 2449 805 2520 quod
855 2449 959 2502 viri
1004 2463 1205 2501 nomen

212 2525 319 2591 ruit,
361 2528 436 2580 sic
489 2529 783 2600 appellata3
826 2549 1016 2600 grosses
1049 2532 1211 2600 poires

210 2607 502 2660 ‘'eucaddles.
531 2610 713 2662 HAnn.

280 2703 361 2740 ιι.
385 2689 671 2742 Latet-iana.
699 2687 1018 2742 Lateritiana
1046 2687 1211 2741 Colu-

212 2765 376 2830 mella,
398 2768 619 2820 lib.XII
637 2805 653 2832 ‚
680 2787 797 2840 cap.
824 2785 887 2820 10
904 2807 921 2834 ‚
940 2787 1057 2840 pag.
1080 2775 1211 2836 419.

212 2843 463 2900 Macrobio
474 2848 543 2912 ,1.
554 2866 599 2900 c.
612 2848 965 2901 Lateresiana.
983 2850 1041 2906 A
1058 2849 1215 2900 Late-

218 2942 331 2978 rano
354 2940 577 2998 possunt
603 2927 865 2982 Laterano
892 2925 1211 3000 nuncupari.

215 3003 376 3059 Eum.

286 3087 368 3140 13.
398 3089 666 3141 Aniciana.
690 3087 928 3140 Macrob.
957 3088 996 3139 l.
1027 3105 1074 3140 c.
1105 3087 1217 3140 Co·

217 3162 329 3218 lum.
362 3167 451 3220 lib.
490 3167 575 3230 V,
600 3186 716 3240 cap.
770 3185 835 3220 ιο
859 3206 875 3231 ,
925 3185 1045 3239 pag.
1075 3184 1217 3234 ποις

220 3241 363 3311 Cato,
390 3265 502 3319 cap.
526 3265 612 3300 vn
633 3287 649 3314 ,
685 3266 803 3319 pag.
839 3247 923 3300 13.
952 3246 1019 3300 H.
1042 3277 1123 3288 —
1144 3247 1221 3298 La

222 3341 445 3390 macne,
490 3327 663 3378 beart-6
697 3329 843 3398 plat,
884 3326 1057 3380 fructu
1088 3328 1219 3380 bru·

222 3405 346 3457 mali.
367 3407 415 3471 β.
444 3407 553 3460 En.

291 3490 375 3546 14.
428 3486 867 3538 Postantumnalia.
924 3485 1223 3548 Aniciana,

218 3560 403 3634 inquit,
454 3579 580 3638 post
636 3579 952 3619 autumnum
1006 3527 1223 3671 decerpi

216 3643 367 3697 tolita.
392 3645 571 3699 Ηιιιι).

294 3723 379 3776 ι5.
423 3725 692 3778 Picentina.
746 3723 869 3778 Pira
920 3725 1119 3779 Picena
1166 3725 1225 3779 in

220 3801 390 3869 primis
416 3805 591 3858 laudat
614 3806 646 3857 J
652 3805 909 3869 mensulis,
945 3806 1115 3858 satirae
1144 3805 1225 3857 XI

224 3897 363 3934 versu
414 3883 578 3937 modo
639 3886 801 3938 citato
822 3926 837 3947 ,
895 3899 949 3938 et
992 3885 1225 3956 Signinis

224 3961 451 4015 confert.
440 3983 451 3993 ·
503 3965 868 4036 Signinum,
908 3967 979 4037 Sy
983 3967 1227 4036 riumque

225 4039 419 4108 pirum,
450 4057 552 4096 etc.
586 4045 821 4097 »Hum-

305 4123 381 4172 16.
422 4122 613 4176 Groeca.
655 4124 707 4178 A
762 4125 955 4195 Magna
1006 4125 1261 4178 Gracia.

1284 1649 1562 1715 Granum,
1589 1650 1827 1703 Μία-01).
1851 1647 1890 1702 l.
1921 1666 1968 1702 c.
1994 1645 2278 1700 Tarentina
2296 1682 2313 1708 ,

1286 1729 1604 1783 Columellae
1627 1770 1642 1794 ,
1677 1731 1712 1782 l.
1737 1748 1785 1782 c.
1809 1741 1862 1782 et
1884 1728 2040 1783 Celso
2057 1765 2073 1790 ,
2095 1726 2190 1778 lib.
2212 1725 2315 1789 IV,

1286 1827 1401 1882 cap.
1439 1828 1529 1878 19·
1558 1808 1709 1862 Idem
1735 1808 1872 1862 Cels.
1894 1809 1980 1873 11,
2012 1813 2116 1870 24:
2147 1827 2168 1848 ι
2190 1803 2312 1856 Pii-a

1288 1907 1407 1960 quae
1436 1903 1802 1958 reponuntur,
1820 1887 2105 1940 Tarentina
2123 1922 2138 1949 ,
2160 1896 2316 1953 atque

1290 1969 1529 2040 Signina·
1565 1995 1588 2016 ι-
1637 1970 1924 2021 Pomorum
1953 1983 2146 2037 genern
2170 1981 2315 2033 φικ-

1290 2049 1421 2102 libet
1445 2067 1563 2120 quae
1593 2059 1950 2119 reponuntur,
1971 2045 2108 2100 Galli
2127 2054 2319 2096 vocant

1281 2130 1437 2196 [ναίω
1461 2129 1521 2180 de
1539 2129 1712 2198 garde.
1743 2127 1929 2180 Ilum.

1383 2227 1471 2279 17.
1509 2209 1784 2276 ΟηγσΙιίηα.
1831 2205 2088 2278 Onychina
2118 2201 2322 2255 Plinius

1295 2305 1566 2360 purpurea
1580 2287 1910 2358 interpretari
1927 2285 2139 2338 videtur
2143 2279 2351 2353 .,'quod

1296 2387 1438 2440 onyx
1464 2379 1828 2438 tegumentum
1851 2364 2120 2436 conchylii
2147 2363 2240 2424 sit,
2261 2373 2325 2413 ut

1297 2448 1371 2501 ait
1397 2446 1768 2512 Dioscorides,
1787 2462 2152 2518 purpurarum
2173 2457 2327 2511 oper-

1300 2529 1425 2584 culo
1460 2527 1862 2582 simile.P1·eena
1895 2525 2132 2596 onychina
2157 2519 2325 2574 Colu-

1302 2608 1502 2674 mella,
1529 2609 1605 2661 sic
1621 2624 1888 2679 purpurea
1908 2613 2203 2675 exponunt.
2213 2599 2328 2669 Ego

1302 2707 1465 2754 vero,
1486 2689 1611 2758 quia
1635 2687 1976 2740 Alabastrites
2002 2683 2158 2755 lapis,
2184 2697 2329 2751 onyx

1303 2767 1477 2822 dictus
1509 2780 1614 2826 est,
1657 2766 1804 2820 unde
1850 2763 2158 2836 Propertius
2209 2777 2330 2832 ony-

1304 2849 1433 2900 chem
1470 2847 1736 2918 myrrheum
1786 2865 1886 2918 pro
1927 2843 2124 2915 poculo
2155 2837 2287 2892 dixit
2313 2875 2330 2902 ‚

1312 2954 1334 2976 ι
1357 2928 1425 2981 Et
1438 2926 1672 2981 Crocino
1698 2945 1852 2979 nares
1871 2925 2152 2978 muri-heus
2171 2931 2334 2990 ungat

1308 3027 1449 3080 onyx
1482 3026 1537 3060 :n
1567 3007 1824 3080 quoniam
1858 3024 1920 3058 ex
1948 3003 2206 3057 alabastro
2233 3017 2336 3070 po-

1307 3089 1425 3141 cula
1444 3085 1633 3141 fierent
1658 3106 1673 3138 t
1697 3098 1749 3140 et
1771 3087 1954 3138 Horat.
1983 3082 2208 3156 onychem
2230 3097 2333 3150 pro

1307 3168 1595 3232 alabastro,
1627 3189 1650 3210 α
1686 3163 1850 3218 Nardi
1883 3181 2079 3234 parvus
2105 3177 2284 3233 onyx:
2307 3185 2336 3204 ι·

1308 3247 1638 3318 onychinum
1665 3247 1752 3298 hic
1777 3243 2099 3314 interpretor
2128 3240 2334 3311 pirum,

1310 3327 1573 3380 alabastro
1593 3325 1790 3379 colore
1801 3323 2000 3386 simile,
2023 3321 2185 3391 vulgo
2199 3321 2339 3389 poe're

1310 3409 1481 3458 cui-sse·
1460 3405 1750 3457 -smadame
1777 3416 2220 3472 purpureumque
2246 3395 2337 3450 hic

1311 3503 1477 3558 genus
1508 3485 1574 3538 ab
1607 3482 1876 3552 onychino
1917 3478 2186 3533 diversum
2227 3494 2338 3529 esse

1312 3585 1466 3631 reor,
1491 3583 1600 3617 non
1629 3576 1804 3616 autem
1826 3558 2084 3632 onychini
2111 3557 2195 3610 vel
2226 3555 2340 3627 epi·

1314 3645 1532 3708 theton,
1569 3644 1654 3696 vel
1691 3637 2204 3711 interpretationem.
2229 3635 2337 3688 Eo-

1316 3725 1439 3778 dem
1466 3721 1628 3776 modo
1659 3719 1806 3794 apud
1835 3717 2190 3775 Columellam
2221 3735 2341 3789 ony-

1312 3807 1483 3858 chinon
1513 3799 1892 3874 exponendum
1919 3797 2174 3853 arbitror.
2203 3799 2340 3850 Du..

1314 3916 1394 3928 ——-
1424 3883 1699 3958 Unychina.
1732 3881 1866 3947 Quae
1902 3897 2166 3952 gemmam
2205 3895 2342 3946 ony-

1317 3963 1471 4018 chem
1501 3962 1696 4017 coloris
1717 3959 2068 4015 similitudine
2093 3957 2378 4011 reserant.

1320 4047 1399 4097 De
1430 4043 1644 4114 onyche
1671 4041 1909 4096 dicemus
1932 4042 2024 4094 lib.
2045 4035 2344 4096 xxxvn,

1320 4144 1436 4196 cap.
1486 4129 1576 4186 ²4·
1605 4123 1786 4178 Pruna
1817 4122 2059 4175 similiter
2080 4111 2348 4188 onychina
