2984 5009
730 452 873 541 146
1237 407 2309 522 'C.PL1N11NAT.HIST.

717 590 785 655 in
859 588 1125 681 Cypro,
1200 584 1434 654 deinde
1515 586 1593 660 in
1653 583 1971 679 AEgypt0‚
2052 584 2167 651 ubi
2236 576 2711 653 Mendesinm¹¹
2768 602 2829 656 et

717 694 1090 787 Metopium
1151 690 1366 760 subito
1423 691 1671 785 gratius
1718 692 1965 759 factum
2010 705 2129 759 est.
2176 692 2342 758 Mox
2382 690 2525 759 haec
2566 690 2833 761 abstulit

597 824 608 835 ⁸
716 800 1066 885 Phoenice,
1093 812 1161 867 et
1187 798 1461 891 Cyprini
1496 796 1755 866 laudem
1785 798 2069 893 AEgypto
2094 795 2375 890 reliquit.
2412 797 2833 866 Panathenai-

635 925 644 931 “
717 903 906 975 con¹²
952 928 1154 1034 suum³
1201 904 1476 973 Athenae
1528 917 2024 997 perseveranter
2076 902 2439 971 obtinuere.
2484 906 2728 971 Fuerat
2770 919 2833 973 et

715 995 1154 1080 Pardalium¹³
1185 1011 1252 1077 in
1295 1012 1539 1078 Tarso·
1572 1011 1760 1099 cuius
1799 1012 1993 1079 etiam
2039 1010 2428 1103 compositio
2457 1022 2525 1077 et
2552 1010 2832 1080 mixtura

715 1114 1061 1186 obliterata
1084 1130 1199 1185 est.
1223 1114 1673 1184 Narcissinum
1696 1140 1957 1247 quoquse
1978 1140 2060 1183 ex
2078 1114 2241 1183 flore
2262 1116 2558 1185 narcisso
2578 1102 2627 1146 ¹⁴
2652 1114 2835 1186 desiit

647 1237 677 1290 3
715 1224 1046 1319 componi.
1075 1223 1274 1290 Ratio
1313 1221 1593 1291 faciendi
1628 1208 1935 1316 duplex¹⁵
1960 1243 2280 1308 .succus,
2314 1236 2381 1289 et
2406 1246 2673 1316 corpus.
2714 1220 2833 1291 Ille

710 1328 836 1398 olei
881 1328 1230 1459 generibus
1273 1328 1410 1396 fere
1445 1342 1739 1411 constat,
1773 1328 1905 1395 hoc
1946 1326 2248 1394 odorum.
2289 1329 2449 1396 Haec
2486 1341 2833 1421 stymmata

707 1420 1017 1504 vocant¹⁶
1039 1486 1057 1517 ‚
1095 1434 1202 1501 illa
1251 1434 1658 1527 hedysmata.
1710 1436 1969 1502 Tertius
2014 1434 2186 1501 inter
2225 1432 2369 1501 haec
2412 1448 2513 1501 est
2533 1432 2578 1472 ¹⁷
2622 1433 2834 1522 colos,

793 1635 815 1669 ι
835 1636 884 1670 ι.
913 1614 1240 1675 Mendesium,
1267 1628 1364 1668 etc.
1395 1616 1475 1667 De
1506 1628 1733 1687 utroque
1818 1616 2064 1685 ςύμμοιτα.
2081 1614 2316 1685 accepit,
2347 1614 2480 1669 κατὰ
2502 1618 2717 1677 reinone,
2744 1618 2833 1671 lib.

707 1714 834 1750 mox
883 1693 1110 1747 dicetur.
1156 1694 1511 1761 Apollonius:
1552 1697 1621 1747 Τὸ
1674 1690 1733 1748 δὲ
1817 1694 1931 1757 ῙῙΙ,
1958 1712 2003 1747 c.
2046 1712 2093 1746 1.
2126 1692 2254 1747 Haec
2285 1694 2432 1747 aliter
2456 1694 2832 1750 Dioscorides:

708 1775 976 1829 Μετώπιον
1004 1772 1086 1826 καὶ
1119 1769 1401 1829 Μενδήσιον
1433 1774 1645 1834 zeina-a
1682 1777 1727 1827 ἐν

707 1857 945 1926 Αἰγύπτῳ
971 1855 1279 1914 extruite-:otu
1307 1854 1490 1905 Halm.

795 1954 886 1988 1¹1.
921 1934 1331 1985 Panathenaicon.
1371 1932 1727 2003 Apollonius:

705 2015 774 2067 Τὸ
797 2010 856 2067 δὲ
869 2015 1236 2071 Παναθηναῑκὸν
1251 2012 1507 2083 λεγόμενον
1534 2015 1579 2065 ἐν
1606 2004 1727 2067 Affli-

707 2112 833 2155 ναις.
859 2094 1040 2146 Hum.

681 2210 690 2223 .
795 2172 879 2227 13.
919 2172 1220 2225 Pardalium.
1254 2173 1440 2243 Neque
1469 2170 1607 2224 illud
1642 2190 1725 2225 so·

705 2251 821 2305 lum
840 2290 854 2311 ,
904 2251 994 2305 sed
1037 2265 1092 2306 et
1139 2250 1424 2306 nardinum
1459 2269 1472 2303 ε
1514 2252 1617 2303 nisi
1662 2252 1728 2303 sit

707 2332 938 2385 fortassis
971 2331 1113 2385 idem
1146 2350 1158 2385 ε
1201 2348 1324 2384 nam
1372 2330 1691 2401 Apollonius
1710 2369 1727 2393 ,

708 2412 810 2464 loc.
831 2412 922 2463 cit.
946 2407 1186 2481 Νᾶρδινον
1209 2407 1268 2463 δὲ
1287 2410 1344 2462 τὸ
1367 2412 1413 2463 ἰν
1436 2412 1635 2479 Τάρσῳ.
1658 2408 1724 2461 Η.

796 2498 886 2553 14.
928 2490 1158 2561 Ezflore
1196 2494 1424 2541 nat-cisso.
1457 2488 1600 2542 Vide
1632 2489 1727 2541 lib.

709 2570 896 2623 xxxl
908 2608 922 2633 ,
945 2580 1058 2639 cap.
1080 2588 1113 2639 7
1124 2569 1175 2621 5.
1191 2568 1378 2621 Haut).
1391 2598 1470 2609 —
1481 2568 1725 2621 Nar-cisso.

710 2650 800 2701 Sic
823 2666 884 2701 ex
913 2648 1066 2701 MSS.
1093 2647 1392 2700 emendavit
1415 2646 1581 2701 Hard.
1604 2666 1731 2700 con-

705 2728 966 2781 sentiente
1012 2726 1248 2780 chifflet.
1285 2748 1346 2778 ea.-
1361 2728 1493 2797 flore
1530 2732 1732 2780 narcissi

711 2808 949 2862 Gronov.
978 2819 1030 2859 et
1056 2806 1163 2858 alii.
1192 2806 1296 2859 En.

798 2905 820 2938 1
835 2886 885 2939 ⁵.
929 2882 1076 2937 Ratio
1102 2886 1327 2952 faciendi
1365 2886 1559 2957 duplex.
1603 2888 1727 2940 Duo

709 2960 840 3019 sunt
857 3003 875 3027 ,
936 2966 1110 3036 inquit
1130 3000 1148 3027 ‚
1205 2966 1405 3036 quibus
1465 2966 1727 3019 confectio

707 3043 862 3098 nardi
883 3058 1084 3097 constat
1105 3064 1118 3095 ε
1144 3060 1356 3109 succus,
1379 3045 1491 3097 sive
1516 3046 1721 3098 oleum:

709 3138 764 3177 et
809 3140 1000 3195 corpus
1021 3164 1038 3188 ,
1083 3122 1194 3176 sive
1234 3122 1442 3177 odoret.
1493 3124 1688 3178 Oleum
1713 3164 1728 3189 ,

709 3202 854 3275 quod
879 3217 933 3257 et
957 3200 1183 3274 ἥδυσμα,
1201 3202 1596 3257 condimentum
1618 3218 1729 3270 est,

708 3302 818 3353 quo
831 3284 994 3336 veluti
1016 3282 1340 3337 condiuntur
1356 3282 1564 3336 odores.
1583 3284 1729 3337 Odo-

707 3380 792 3415 res
818 3362 918 3434 ipsi
946 3377 1142 3435 corpus
1161 3376 1318 3429 sunt,
1344 3364 1437 3435 qui
1464 3364 1521 3415 in
1548 3364 1725 3417 oleum

703 3441 1006 3509 adduntur,
1035 3457 1093 3496 ut
1119 3454 1398 3496 serventur
1420 3445 1571 3513 quasi
1597 3462 1721 3497 con·

705 3520 821 3577 diti.
869 3524 957 3577 Sic
1001 3524 1058 3575 in
1109 3524 1350 3594 salgamis
1370 3563 1385 3586 ,
1433 3522 1726 3577 conditura

705 3604 874 3655 vicem
895 3604 1070 3656 muria
1089 3604 1327 3669 obtinet;
1350 3602 1529 3657 herbae
1542 3644 1557 3669 ,
1584 3604 1723 3675 pira,

703 3683 838 3734 mala
855 3721 870 3747 ‚
900 3696 1192 3754 ceteraque
1217 3684 1404 3736 similia
1419 3722 1437 3747 ,
1463 3684 1722 3754 corporis.

697 3758 962 3831 Hesychio
987 3758 1195 3834 ἥδυσμα.
1225 3782 1290 3815 eo
1325 3770 1478 3817 sensu
1504 3764 1721 3835 ἄρτυμα,

695 3840 1092 3894 condimentum
1111 3880 1128 3907 ,
1181 3842 1393 3899 dicitur.
1437 3847 1730 3915 Στὺμματα’

693 3919 915 3985 σάοι-εει,
953 3922 1062 3975 sive
1105 3937 1335 3978 aromata
1377 3924 1711 3986 vocitantur,

689 4000 836 4071 quod
883 4001 936 4053 iu
977 4001 1153 4054 oleum
1199 4000 1364 4057 additi
1405 4022 1598 4075 corpus
1636 4005 1710 4056 fa-

1816 1790 1973 1845 quem
2002 1774 2093 1845 qui
2120 1790 2330 1845 semper
2362 1775 2417 1827 in
2448 1788 2627 1846 partes
2656 1789 2835 1842 vocat,

1702 1866 1709 1875 ·
1813 1865 1877 1905 ut
1916 1852 2147 1905 Plinium
2178 1853 2471 1925 intelligat,
2494 1856 2637 1909 male
2670 1857 2835 1910 calcu-

1812 1933 1926 1985 lum
1950 1934 2119 2003 ponit.
2148 1934 2335 1986 Ham).

1900 2016 1989 2065 16.
2016 2012 2144 2065 Hoec
2165 2024 2417 2087 stymmata
2440 2026 2637 2067 vocant.
2665 2016 2837 2087 Lego,

1820 2116 1843 2138 ι
1866 2092 2063 2162 partim
2090 2105 2367 2162 stymmata
2396 2106 2620 2158 vocant,
2650 2097 2835 2167 partim

1808 2169 2139 2241 hedysmata.
2152 2198 2174 2219 ι
2188 2171 2843 2247 Coe-narius.—-Stymmata

1812 2248 1941 2303 olim
1976 2252 2327 2306 nominarunt
2351 2265 2617 2315 aromata,
2652 2256 2840 2327 quibus

1812 2331 1925 2383 scil.
1944 2330 2000 2382 in
2029 2345 2423 2402 unguentorum
2438 2336 2838 2404 ‘compositione

1813 2410 1993 2462 oleum
2028 2412 2357 2482 spissabant:
2401 2431 2460 2466 ea
2502 2412 2841 2467 Dioscorides

1818 2490 1925 2542 fere
1955 2502 2203 2565 numerat
2240 2492 2663 2563 xylobalsamum
2682 2533 2699 2559 ,
2722 2496 2840 2565 jun·

1815 2584 1936 2621 cum
1957 2604 1975 2633 ‚
2018 2570 2314 2623 calamum:
2356 2570 2673 2644 hedysmata
2718 2592 2839 2627 vero

1814 2666 1874 2701 ea
1892 2686 1909 2713 ,
1940 2651 2133 2719 quibus
2162 2651 2438 2721 spissatum
2476 2650 2658 2705 oleum
2698 2653 2839 2706 suavi

1814 2726 1981 2781 odore
2003 2730 2314 2783 imbuebant
2340 2743 2394 2783 et
2416 2732 2837 2801 perfundebant.

1815 2808 1892 2860 Ea
1936 2825 2206 2861 recensere
2246 2810 2379 2863 solet
2413 2812 2661 2865 Dioscor.
2696 2832 2843 2866 amo-

1812 2904 1992 2953 mum,
2034 2886 2296 2954 nardum,
2328 2892 2602 2961 myrrham
2621 2932 2639 2957 ,
2678 2894 2841 2947 balsa-

1810 2984 1961 3019 mum
1984 3008 2002 3031 ,
2057 2970 2511 3038 carpobalsamum
2529 3009 2546 3032 ‚
2588 2984 2803 3026 costum
2822 3012 2837 3035 ,

1807 3064 2125 3100 amaracum.
2154 3042 2363 3102 Dante.

1898 3144 1992 3195 ¹7·
2028 3128 2365 3180 Tertius-inter
2386 3129 2489 3180 hoec
2509 3140 2583 3180 est
2600 3132 2757 3186 colos.
2781 3132 2841 3183 Iu

1812 3206 2056 3276 ungentis
2079 3216 2311 3278 quatuor
2340 3222 2689 3279 spectantur:
2724 3228 2841 3264 suc·

1812 3304 1905 3337 cus
1930 3286 2023 3357 qui
2063 3298 2139 3339 est
2175 3288 2353 3340 oleum
2385 3286 2617 3359 quodvis
2650 3289 2841 3343 inodo·

1812 3382 1932 3418 rum
1945 3404 1961 3431 ,
1986 3366 2353 3419 tenuissimum
2368 3405 2383 3431 ,
2404 3380 2456 3420 et
2476 3367 2707 3422 minime
2731 3370 2845 3441 pin·

1812 3462 1918 3515 gue
1942 3484 1958 3509 ,
1988 3458 2050 3498 ut
2076 3444 2385 3499 balaninum
2411 3465 2425 3499 :
2459 3466 2658 3519 corpus
2690 3446 2842 3521 quod

1810 3537 1889 3576 est
1904 3524 2095 3594 partim
2118 3538 2343 3597 stymma
2357 3565 2372 3592 ,
2398 3526 2507 3579 sive
2527 3528 2844 3597 spissamen-

1808 3615 1944 3669 tum,
1964 3622 2157 3676 nempe
2169 3604 2317 3677 quod
2337 3607 2517 3659 oleum
2534 3606 2843 3680 adstringit,

1810 3682 2031 3737 odorem
2072 3698 2139 3738 'ot
2182 3686 2377 3738 melius
2424 3688 2741 3754 combibat,
2791 3701 2843 3742 et

1811 3764 2133 3835 pertinacius
2169 3760 2405 3819 'retineat
2426 3806 2441 3832 ,
2487 3768 2841 3837 quemadmo-

1808 3843 1938 3897 dum
1986 3845 2237 3897 tinctores
2286 3846 2556 3919 principio
2599 3848 2843 3903 medica·

1808 3922 2001 3976 mentis
2021 3924 2336 3994 quibusdam
2360 3943 2563 3996 pannos
2583 3927 2843 3981 imbuunt

1801 4015 1857 4055 et
1892 4018 2194 4073 preparant
2232 4024 2245 4056 ε
2300 4006 2491 4077 partim
2532 4005 2797 4078 hedysma
2824 4046 2840 4072 ,

635 4114 639 4117 «
687 4082 934 4145 ciunt‚et
955 4082 1131 4135 oleum
1155 4082 1390 4153 spissam.
1415 4083 1505 4137 Sic
1520 4084 1707 4138 Galen.
1796 4084 1907 4136 sive
1944 4084 2372 4151 condimentum,
2414 4086 2567 4156 cujus
2605 4086 2832 4140 odorem
