2984 5009
976 490 1299 558 LIBER
1353 485 1517 560 XVss

2175 495 2324 587 427

188 606 433 692 sacro¹³
468 621 847 716 fulguribus
884 621 973 691 ibi
1004 621 1287 692 conditis
1306 611 1357 654 ¹⁴
1385 650 1400 691 z
1434 577 1778 719 magisque
1809 623 1900 693 ob
1939 628 2332 694 memoriam

190 795 353 862 ma),
390 797 691 850 Ruminalis
740 797 1029 872 appellata,
1068 817 1206 872 quo·

186 879 321 932 niam
334 878 436 932 sub
448 897 511 931 en
529 877 747 932 inventa
764 892 842 933 est
852 880 979 949 lupa
992 920 1010 944 ,
1036 879 1209 932 infan-

190 958 325 1012 tibus
342 959 587 1030 prebens
604 975 813 1014 rumam
826 999 843 1026 ,
858 961 934 1012 ita
945 960 1208 1014 vooehant

123 1089 131 1094 .
188 1057 505 1102 mammam,
531 1040 795 1093 miraculo
820 1057 885 1092 ex
927 1058 1030 1093 ore
1063 1042 1211 1112 juxta

188 1117 411 1194 dicato.»
438 1118 700 1186 Quamvis
724 1119 855 1185 fori,
881 1119 939 1173 id
965 1133 1071 1179 est,
1092 1139 1209 1174 am·

188 1198 429 1268 plissimoe
453 1212 507 1252 et
532 1198 798 1253 latissima
809 1200 995 1272 platea
1005 1213 1211 1272 partem

186 1279 339 1333 fuisse
380 1279 679 1334 Comitium
730 1277 946 1345 dicant,
1006 1280 1209 1335 curiam

188 1371 355 1414 tamen
404 1379 441 1414 a
481 1359 709 1412 Libonis
755 1361 991 1431 puteali,
1040 1379 1213 1433 prope

190 1438 327 1508 qnod
354 1439 537 1493 Attius
575 1438 742 1493 ficum
786 1442 949 1506 sevit,
985 1440 1216 1505 distare,

192 1520 445 1574 Veterum
476 1520 675 1592 scripta
707 1520 1010 1574 ostendunt.
1053 1519 1216 1594 Apud

190 1600 351 1654 Tacit.
366 1600 473 1654 sub
486 1599 838 1654 fln.15h.x111
854 1601 957 1674 leg.
971 1599 1215 1657 videtur:

198 1705 221 1728 ι
236 1679 445 1736 Eodem
465 1699 609 1734 anno
628 1681 950 1736 ruminalem
967 1681 1215 1735 arborem

193 1760 244 1813 in
271 1761 393 1815 foro
407 1799 425 1826 ,
456 1779 576 1831 que
614 1779 777 1832 super
800 1762 1135 1834 octingentos
1168 1773 1223 1816 et

192 1839 541 1912 quadraginta
606 1853 733 1895 ante
782 1859 953 1896 annos
976 1881 992 1908 ,
1045 1855 1145 1896 etc.
1187 1865 1211 1889 n

195 1921 335 1993 quod
384 1920 597 1975 scilicet
657 1921 977 1976 ruminalem
1041 1941 1221 1976 veram

194 2001 479 2072 signifieat,
506 2019 631 2071 qno
662 2002 895 2055 Remum
926 2019 991 2056 ae
1016 1997 1217 2057 Romu-i

193 2081 302 2134 lum
354 2086 557 2153 ejectos
601 2081 729 2134 texit
768 2100 782 2135 ε
842 2101 955 2135 non
1000 2083 1222 2137 alteram

194 2161 331 2214 illam
380 2179 507 2234 qun
553 2179 585 2215 a
639 2162 813 2215 Navio
857 2161 1079 2233 depacta
1127 2175 1222 2217 est.

198 2241 469 2306 Quoniam
498 2241 755 2296 libertatis
772 2243 953 2296 sanum
978 2243 1033 2296 in
1058 2245 1227 2297 Navia

196 2323 307 2375 viva
348 2335 404 2376 et
434 2321 643 2375 virente
667 2323 827 2376 'situm
876 2335 1004 2377 erat.
1042 2324 1226 2390 Quum

196 2401 280 2456 illa
318 2401 616 2456 exaruisset
664 2405 764 2456 sub
816 2403 1035 2458 Nerone
1053 2442 1069 2469 ,
1126 2403 1223 2476 qui

198 2482 439 2536 moribus
462 2481 573 2535 suis
609 2482 979 2555 perditissimis
1004 2484 1229 2537 exitium

196 2563 395 2634 publici
426 2574 592 2616 status
616 2563 937 2618 moliebatur
957 2603 973 2630 ,
1004 2563 1231 2619 mortuis

198 2644 483 2697 ramalibus
506 2640 889 2714 diligentisime
933 2644 1077 2698 culta
1112 2658 1189 2698 est
1213 2684 1229 2710 ,

200 2721 365 2778 donee
388 2724 449 2775 in
476 2741 649 2776 novos
690 2725 845 2790 foetus
870 2725 1227 2780 revivisceret.

200 2803 349 2858 Scan.
364 2836 451 2848 —
476 2803 825 2874 Colitur-ficus.
850 2805 933 2858 De
949 2823 1009 2858 ea
1021 2806 1197 2858 Varro
1214 2845 1229 2870 ,

200 2881 349 2938 den.
379 2886 454 2937 R.
482 2883 581 2936 lib.
610 2884 703 2948 11,
744 2903 863 2956 esp.
892 2904 999 2950 11,
1046 2905 1101 2956 p.
1132 2883 1230 2956 93.

202 2963 339 3018 Cave
366 2982 571 3036 porro,
596 2965 681 3017 vel
712 2966 983 3036 scaligero
1014 2964 1199 3019 eredas
1216 3003 1232 3030 ,

204 3044 349 3098 bunc
403 3045 586 3098 locum
652 3044 723 3098 ita
786 3045 1157 3117 corrumpenti
1214 3064 1228 3098 :

202 3125 451 3179 -Colitnr
468 3123 771 3178 fieusarbor
786 3125 843 3180 in
854 3127 973 3180 foro
987 3125 1236 3191 Romino,

200 3207 302 3276 jam
335 3224 497 3278 snpra
516 3205 821 3276 fulguribus
864 3206 937 3259 ibi
962 3205 1192 3260 conditis
1218 3225 1233 3258 ε

202 3286 477 3358 magisque
515 3285 588 3336 ob
620 3287 935 3340 memoriam
981 3289 1113 3359 ejus.
1141 3327 1154 3341 .
1180 3327 1193 3339 .
1218 3327 1233 3340 .

204 3383 358 3436 quam
374 3378 647 3437 tamquam
664 3365 719 3418 in
740 3366 1016 3420 comitium
1045 3359 1253 3440 sponte⁸

204 3445 655 3511 transevisset,·ab
672 3447 837 3500 Aonio
864 3447 1055 3501 Navio.
1082 3447 1235 3501 Illieo

206 3528 389 3580 arescit
410 3565 429 3592 ,
468 3539 573 3581 eto.
604 3551 627 3573 n
668 3528 781 3582 Aut
811 3527 963 3582 alteri
984 3525 1238 3600 scriptori

206 3607 438 3669 novitio,
472 3608 549 3660 sie
570 3607 851 3678 refingenti
869 3625 882 3660 :
901 3631 923 3652 a
944 3609 1155 3662 Colitur
1181 3607 1241 3659 fi-

208 3705 299 3740 eus
324 3687 485 3740 arbor
508 3689 563 3740 in
586 3688 705 3740 soro
726 3688 845 3760 ipso
862 3689 1111 3754 Rumina,
1132 3701 1241 3742 tam

206 3781 515 3838 sacraquam
538 3767 846 3837 fulguribus
860 3768 935 3822 ibi
948 3769 1204 3823 conditis.
1214 3794 1237 3817 ι-

208 3845 411 3900 Neuter
430 3849 569 3901 enim
592 3859 656 3901 ut
676 3865 801 3901 eum
819 3849 999 3902 locum
1018 3849 1238 3921 integri·

208 3927 299 3980 tati
357 3945 459 3979 sua
490 3929 793 3982 restitueret
818 3967 835 3994 ,
894 3943 1242 4001 mentemque

210 4005 482 4077 seriptoris
551 4023 922 4080 assequeretur
950 4049 967 4072 ‚
1030 4009 1248 4064 codices

212 4085 508 4140 eonditivos
538 4089 812 4143 consuluit
853 4107 868 4143 ε
910 4089 1004 4143 sed
1044 4089 1246 4162 ingenii

218 4164 424 4221 audacis
462 4171 789 4240 coniectura
812 4167 1247 4242 emendandique

1292 799 1508 853 libidini
1539 799 1674 872 plus!
1694 818 1849 871 aequo
1877 798 2116 854 indulsit.
2150 797 2335 853 Hsnn.

1381 881 1467 934 13.
1513 883 1596 934 Ac
1630 885 1909 935 comitio...
1932 921 1945 934 .
1993 900 2135 933 sacra
2161 920 2178 946 ,
2228 893 2332 934 etc.

1293 959 1487 1014 Victor
1503 1001 1520 1026 ,
1555 961 1612 1012 in
1645 961 1884 1032 Regione
1907 960 2075 1014 Urbis
2107 973 2294 1014 octava
2315 979 2332 1014 x

1296 1064 1318 1085 ι
1366 1041 1526 1096 Ficus
1585 1041 1882 1095 Ruminalis
1937 1040 1994 1095 in
2053 1041 2290 1095 Comitio
2310 1077 2328 1104 ‚

1294 1120 1391 1174 ubi
1432 1133 1487 1175 et
1534 1121 1816 1190 Lupercal.
1848 1147 1871 1169 ι
1909 1121 1980 1174 Et
2005 1139 2212 1174 naum
2254 1121 2334 1174 id-

1294 1205 1425 1254 cireo
1450 1200 1710 1255 Comitium
1723 1213 1802 1254 est
1817 1240 1832 1266 ,
1855 1200 2092 1273 quodibi
2121 1196 2337 1255 conditu

1296 1293 1419 1336 sunt
1432 1281 1660 1353 fulgura.
1683 1279 1834 1334 Sacro
1846 1293 2020 1335 autem
2033 1280 2188 1336 MSS.
2201 1283 2333 1352 Reg.

1300 1363 1457 1416 Colb.
1479 1363 1586 1416 Th.
1613 1373 1716 1416 etc.
1739 1381 1850 1415 non
1872 1381 2030 1415 sacra.
2059 1360 2334 1416 Subintel-

1298 1443 1423 1515 lige,
1442 1441 1686 1508 comitio,
1703 1442 1945 1514 foroque.
1968 1444 2166 1496 Seneca
2189 1441 2334 1495 Natt-

1302 1523 1506 1590 Quaest.
1546 1521 1646 1576 lib.
1689 1523 1750 1575 11
1773 1562 1789 1587 ‚
1842 1523 2030 1576 scribit
2069 1524 2338 1575 Romanos

1302 1602 1435 1656 olim
1458 1621 1629 1674 quum
1659 1599 1943 1656 crederent
1967 1602 2070 1656 nisi
2095 1603 2204 1654 fato
2233 1601 2339 1654 ful·

1302 1682 1449 1735 mina
1474 1701 1588 1736 non
1625 1679 1902 1748 decidere,
1939 1682 2086 1736 caesis
2111 1681 2303 1735 hostiis
2322 1718 2341 1747 ,

1304 1762 1692 1834 exstructisque
1712 1762 1847 1828 aris,
1890 1761 2137 1815 adhibito
2169 1777 2340 1815 sacer-

1306 1832 1459 1908 dote,
1486 1843 1636 1896 velut
1671 1843 1728 1896 in
1761 1841 2198 1914 procurationem
2233 1859 2344 1894 ma-

1304 1924 1483 1976 lorum
1507 1962 1522 1986 ,
1571 1921 1803 1976 oondere
1859 1941 1920 1976 ea
1972 1921 2192 1983 solitos,
2245 1921 2344 1974 ubi

1308 2001 1650 2074 desidissent.
1694 2000 1874 2057 Condi
1916 2002 2059 2056 enim
2090 2001 2344 2056 diceban-

1310 2095 1419 2148 tur,
1443 2101 1612 2154 quum
1633 2081 1878 2136 sacerdos
1899 2081 2168 2156 dispersos
2195 2081 2346 2153 ignes

1310 2164 1369 2216 in
1420 2181 1591 2215 unum
1648 2160 1947 2234 redigeret,
1999 2174 2052 2216 et
2113 2161 2344 2235 quadam

1310 2243 1470 2315 tacita
1488 2261 1648 2315 preoe
1673 2241 1924 2296 conderet
1940 2282 1957 2307 ,
1991 2255 2046 2296 et
2076 2259 2348 2295 consecra·

1310 2335 1411 2378 ret.
1426 2322 1588 2377 Hune
1609 2341 1814 2375 morem
1833 2324 2079 2376 Lucanus
2096 2321 2350 2386 insinuat,

1315 2404 1410 2456 lib.
1432 2405 1491 2468 1,
1536 2423 1590 2457 v.
1635 2405 1745 2457 606
1774 2421 1788 2456 τ
1826 2429 1850 2450 α
1878 2407 2059 2457 Aruns
2085 2401 2350 2475 dispersos

1314 2483 1558 2538 fulminis
1610 2483 1762 2556 ignes
1804 2483 2056 2554 Colligit,
2105 2495 2158 2535 et
2196 2495 2352 2536 terrae

1314 2577 1500 2620 mesto
1552 2582 1676 2617 cum
1743 2580 2021 2616 murmure
2068 2561 2276 2616 eondit-
2322 2587 2344 2608 ι-

1316 2645 1463 2698 Loco
1487 2663 1636 2698 sacro
1663 2643 1964 2715 fulguribus
1991 2643 2069 2696 ibi
2096 2641 2354 2708 conditis,

1314 2725 1492 2778 statim
1522 2725 1900 2796 imponebatur
1935 2725 2002 2778 sb
2039 2741 2238 2796 augure
2273 2741 2354 2776 sa·

1320 2805 1517 2859 cellum
1536 2845 1552 2870 ,
1592 2816 1646 2858 et
1697 2823 1804 2858 ara.
1864 2805 2024 2859 Sacer
2077 2817 2254 2858 autem
2293 2821 2357 2856 ac
2427 2817 2435 2822 ·

1318 2885 1599 2956 religiosus
1656 2883 1775 2938 fieri
1847 2892 2017 2939 statim
2070 2884 2360 2956 putabatur

1321 2965 1470 3019 locus
1484 3003 1502 3027 ,
1523 2965 1618 3036 qui
1636 2965 1845 3037 fulgure
1861 2968 2000 3020 ictus
2019 2977 2154 3019 esset
2170 3004 2186 3029 ,
2212 2961 2361 3035 quod
2421 3021 2436 3026 ,

1324 3065 1448 3099 eum
1495 3047 1595 3099 sibi
1647 3046 1790 3099 Dens
1828 3045 2030 3100 dieasse
2055 3043 2362 3110 videretur,

1326 3127 1504 3199 inquit
1542 3125 1725 3180 Festus
1754 3164 1769 3190 ,
1815 3129 1984 3181 verbo
2030 3126 2360 3196 Fulguritum.

1326 3207 1441 3261 Nisi
1472 3219 1652 3259 tamen
1677 3205 1834 3262 MSS.
1862 3206 2212 3279 exemplaria,
2242 3222 2364 3277 quo

1324 3287 1573 3360 proxime
1599 3281 1934 3347 laudavimus
1953 3325 1968 3352 ,
1997 3299 2050 3340 et
2091 3285 2194 3338 alia
2242 3301 2365 3357 quae

1328 3366 1614 3422 Salmasius
1642 3365 1810 3428 vidit,
1847 3367 1966 3437 ipso
2011 3363 2276 3438 prodente
2308 3365 2366 3417 in

1321 3447 1489 3503 solia.
1513 3465 1634 3519 pag.
1666 3465 1688 3500 1
1707 3463 1728 3498 1
1743 3447 1816 3499 36
1837 3487 1851 3510 ‚
1875 3465 2014 3498 sacro
2025 3443 2370 3509 exhiberent,

1328 3546 1469 3582 saera
1513 3527 1616 3598 legi
1660 3527 1766 3580 hoc
1815 3526 1978 3592 loc0‚
2027 3525 2211 3579 velex
2255 3525 2370 3596 ipsa

1332 3607 1592 3663 orationis
1609 3619 1880 3660 structura
1896 3623 1956 3659 ao
1973 3605 2108 3658 serie
2120 3646 2136 3671 ‚
2151 3618 2372 3676 praesta-
2383 3658 2416 3686 q

1330 3689 1493 3743 bilius
1541 3685 1818 3740 videretur
1856 3705 1872 3741 τ
1927 3705 2096 3757 quum
2153 3699 2207 3740 et
2259 3687 2374 3757 ipsa

1334 3771 1468 3823 ficus
1479 3809 1497 3835 ,
1505 3771 1661 3841 juxta
1673 3785 1834 3838 quam
1854 3778 1906 3819 et
1919 3767 2067 3840 fulgu
2075 3785 2132 3820 ra
2155 3763 2376 3820 condita

1330 3851 1479 3904 fuere
1501 3881 1518 3910 ‚
1579 3861 1633 3902 et
1682 3866 1771 3901 ara
1819 3847 2066 3919 imposita
2084 3887 2101 3913 ‚
2149 3845 2377 3918 perinde

1332 3947 1481 3984 sacra
1513 3927 1715 3982 idcirco
1731 3966 1746 3991 ,
1781 3947 1841 3982 ac
1859 3927 2036 3981 forum
2063 3928 2246 4000 ipsum
2273 3927 2381 3978 exi·

1337 4009 1542 4065 stimari
1569 4009 1764 4062 merito
1785 4009 1974 4080 possit.
1991 4010 2174 4062 Ham.

1425 4097 1516 4155 14.
1551 4088 1853 4160 Fulgin-ibus
1881 4089 1951 4142 iba·
1983 4089 2206 4142 conditis.
2238 4086 2378 4139 Nam

1336 4188 1503 4242 quum
1537 4182 1734 4243 puteus
1763 4169 1876 4224 illie
1907 4169 2132 4224 effussus
2159 4165 2227 4220 de
2248 4165 2382 4219 cailo
