2984 5009
673 395 828 485 346
1205 399 1282 467 C.
1339 399 1686 469 PLINII
1742 396 1965 471 NAT.
2022 396 2282 465 HIST.

779 528 934 599 XX.
981 517 1232 618 (ΠΗ.)
1265 529 1374 599 Fit
1407 528 1676 599 vinum²
1714 544 1785 601 et
1824 554 1905 599 ex
1948 550 2121 622 aqua
2166 550 2245 595 ac
2290 522 2489 595 melle
2540 540 2799 595 tannim.

675 632 1190 729 Quinquennio'
1247 636 1333 705 ad
1391 636 1525 707 hoc
1578 637 1829 707 servari
1894 634 2223 705 caelestem
2272 632 2529 727 jubent.
2602 632 2803 727 Aliqui

678 726 1186 838 prudentiores³
1217 743 1440 813 statim
1481 742 1570 813 ad
1614 744 1844 813 tertias
1875 756 2099 837 partes
2130 739 2550 833 decoquunt,
2592 754 2661 809 et
2687 754 2804 809 ter-

676 850 843 919 tiam
873 848 1087 919 mellis
1110 852 1352 919 veteris
1383 850 1740 945 adjiciunt:
1782 849 2022 919 deinde
2048 872 2145 917 11.
2180 846 2413 915 diebus
2442 848 2643 916 Canis
2668 860 2806 915 ortu

675 955 748 1025 in
785 953 924 1025 sole
967 955 1238 1026 habent.
1285 955 1413 1027 Alii
1448 943 1729 1027 diffusa⁴
1768 957 1863 1025 ita
1902 981 1972 1025 x.
2020 953 2505 1033 dieobturant.
2528 954 2671 1022 Hoc
2702 978 2805 1021 vo-

677 1076 874 1133 catur
913 1048 1348 1158 hydromeli⁵‚
1389 1078 1458 1133 et
1498 1077 1829 1133 vetustate
1880 1085 2187 1157 saporem
2232 1060 2375 1130 vini
2414 1062 2807 1153 assequitur,

677 1192 1009 1263 nusquam
1047 1168 1412 1257 laudatius,
1433 1194 1638 1265 quam
1668 1172 1739 1239 in
1774 1170 2080 1264 Phrygia.

785 1279 979 1347 XXI.
1017 1278 1198 1366 Quin
1243 1292 1312 1347 et
1351 1292 1611 1347 acetum
1656 1274 1851 1347 melle
1888 1272 2426 1369 temperabatur:
2468 1272 2637 1341 adeo
2656 1268 2805 1341 nihil

683 1383 1088 1452 intentatum
1127 1385 1284 1453 vitae
1325 1383 1472 1453 fuit.
1528 1381 1873 1478 Oxymeli¹
1930 1383 2066 1452 hoc
2102 1393 2470 1464 vocarunt,
2520 1376 2725 1447 mellis
2754 1402 2808 1445 x.

681 1488 867 1557 libris
887 1541 907 1575 ,
945 1490 1114 1558 aceti
1161 1491 1406 1559 veteris
1449 1489 1738 1561 heminis
1776 1491 2105 1585 quinque,
2154 1484 2305 1556 salis
2346 1486 2584 1555 marini
2630 1482 2808 1567 libra,

681 1617 870 1688 aquae
912 1593 1152 1689 pluviae
1195 1598 1491 1666 sextariis
1522 1597 1812 1691 quinque
1852 1593 2339 1665 suffervefactis
2368 1590 2625 1678 decies,
2672 1614 2809 1657 mox

677 1699 1040 1773 elutriatis²
1098 1718 1298 1797 atque
1353 1704 1446 1772 ita
1508 1704 1916 1773 inveteratis.
1992 1702 2239 1771 Omnia
2288 1698 2377 1767 ab
2424 1698 2809 1766 Themisone

681 1832 945 1877 summo
981 1823 1255 1879 auctore
1290 1808 1607 1879 damnata
1635 1836 1651 1878 :
1680 1825 1751 1879 et
1789 1807 2065 1878 hercule
2098 1820 2371 1877 coactus
2405 1828 2637 1873 eorum
2668 1826 2809 1871 usus

677 1912 890 1983 videri
922 1929 1180 2009 potest3
1205 1917 1331 1985 nisi
1367 1918 1422 1987 si
1466 1918 1615 2011 quis
1650 1931 1907 1985 naturae
1944 1940 2115 2010 opus
2151 1937 2295 1983 esse
2324 1910 2541 1981 credit
2564 1932 2806 1979 aroma·

677 2021 847 2091 titen
868 2073 889 2106 ,
927 2036 996 2091 et
1033 2045 1116 2091 ex
1157 2024 1513 2117 unguentis
1549 2025 1704 2092 vina
1740 2023 2148 2119 composita,
2176 2034 2295 2089 aut
2328 2033 2405 2086 ut
2442 2018 2807 2086 biberentur

679 2128 985 2223 genuisse
1023 2153 1168 2199 eam
1209 2130 1501 2199 frutices.
1534 2132 1673 2199 Ista
1703 2145 1858 2200 sunt
1887 2130 2161 2225 cognitu
2194 2123 2530 2221 jucunda,
2568 2122 2809 2192 solertia

675 2232 956 2305 humani
1017 2237 1222 2307 animi
1279 2238 1505 2307 omnia
1563 2239 1965 2332 exquirente.
2028 2231 2219 2313 Nihil
2275 2230 2545 2327 quidem
2592 2255 2671 2299 ex
2722 2228 2809 2295 his

1798 2442 2029 2485 vocent:
2058 2428 2227 2489 Galli,
2252 2427 2315 2479 de
2339 2426 2641 2499 t'byde-oml.
2662 2424 2739 2476 De
2756 2440 2809 2475 eo

1800 2528 2013 2566 rursum
2034 2548 2049 2576 ‚
2074 2509 2171 2562 lib.
2192 2508 2389 2572 XXII,
2414 2524 2534 2576 cap.
2566 2506 2654 2559 51.
2678 2502 2743 2555 Η.

675 2430 798 2483 ἀίω.
837 2430 1017 2487 Diosc.
1050 2431 1192 2487 bauo
1218 2432 1332 2486 vini
1357 2444 1410 2485 et
1437 2431 1676 2485 materia
1694 2469 1711 2497 ,

675 2528 799 2581 qum
850 2511 1092 2583 injicitur
1125 2512 1426 2583 portionem
1465 2511 1623 2567 doeet
1660 2530 1711 2565 c.

677 2588 749 2643 de
776 2590 905 2643 vino
929 2610 992 2645 ex
1019 2592 1326 2645 chamelaea.
1356 2594 1567 2645 Diuo.

756 2670 880 2723 XX.
930 2689 980 2723 1.
1026 2672 1112 2724 Fa‘e
1145 2676 1332 2724 vinum.
1375 2672 1579 2723 Vinum
1618 2688 1712 2742 ap·

677 2748 872 2819 pellat,
900 2767 1070 2820 quum
1103 2752 1216 2805 vini
1249 2751 1384 2803 nihil
1411 2749 1714 2805 admixtum

679 2828 732 2881 ei
772 2828 840 2881 sit
871 2846 884 2881 ε
928 2828 1042 2883 vini
1083 2844 1262 2884 tamen
1301 2830 1715 2903 appellationem

681 2908 878 2961 meruit
893 2945 911 2970 ‚
935 2907 1115 2979 quod,
1141 2920 1202 2963 ut
1227 2928 1352 2963 mox
1379 2910 1585 2963 Plinius
1602 2912 1680 2963 ait
1697 2946 1714 2975 ,

679 2996 942 3041 vetustate
965 2988 1080 3041 vini
1105 3008 1350 3061 saporem
1375 2991 1675 3061 assequitur
1696 3010 1711 3044 ε

679 3066 826 3129 sive,
849 3080 910 3121 ut
937 3066 1032 3121 lib.
1057 3068 1251 3136 XXII,
1273 3088 1390 3141 cap.
1431 3071 1531 3137 52,
1560 3070 1717 3142 longa

679 3156 942 3202 vetustate
974 3148 1164 3202 uomit
1197 3150 1254 3203 in
1289 3152 1493 3203 vinum.
1524 3152 1715 3205 Hun.

767 3244 818 3279 2.
859 3228 1216 3299 Quinquennis·
1241 3232 1495 3284 Veterem
1521 3248 1715 3303 aquam

681 3304 940 3361 colestem
973 3308 1313 3365 Dioscorides
1337 3311 1539 3382 puriter
1576 3310 1716 3365 desi-

683 3383 866 3452 derat,
894 3387 992 3441 lib.
1020 3390 1094 3455 V,
1119 3407 1168 3443 c.
1200 3409 1268 3461 17
1297 3408 1314 3443 ι
1337 3387 1472 3461 ὕδωρ
1516 3388 1715 3463 ὄμόριον

681 3470 914 3521 παλαιόν.
941 3468 1125 3523 ΗΑιιι).

767 3546 822 3600 3.
859 3548 1037 3621 Aliqui
1068 3550 1421 3619 prudentiores.
1465 3550 1716 3605 Dioscor.

684 3624 793 3679 loc.
815 3627 908 3684 eit.
936 3628 1122 3683 Hum-

770 3711 824 3768 4.
865 3708 978 3759 Alie·
1010 3708 1208 3776 diffusa.
1258 3710 1404 3763 Vina
1449 3710 1717 3763 videlicet.

686 3784 822 3848 Qum
851 3786 934 3839 vis
956 3785 1085 3841 huic
1111 3790 1228 3843 voci
1257 3790 1452 3849 subsit,
1485 3789 1719 3844 diximus

684 3882 802 3935 cop.
836 3869 926 3917 16.
953 3866 1136 3921 Ilum.

771 3943 824 3997 5.
857 3946 1161 4017 Hydmmeli.
1188 3936 1432 4020 Ῠδρόμιλι
1446 3988 1462 4011 ,
1493 3951 1563 4003 ab
1582 3968 1721 4020 aqna

684 4035 738 4075 et
785 4025 960 4080 melle.
1013 4027 1190 4080 Latini
1245 4047 1438 4099 nquam
1493 4030 1717 4082 mulsam

1882 2592 2031 2644 XXI.
2054 2606 2103 2641 1.
2130 2587 2375 2657 qumeli.
2400 2576 2687 2657 ὀξυμῆιτος
2704 2598 2813 2635 con-

1802 2667 2057 2725 cinnandi
2104 2666 2325 2720 modum
2382 2668 2545 2738 plane
2592 2661 2808 2717 eumdem

1802 2752 2045 2805 Dione-or.
2088 2747 2279 2809 affert,
2317 2745 2415 2799 lib.
2452 2746 2499 2797 V
2522 2785 2537 2810 ,
2572 2762 2681 2814 cap.
2720 2758 2809 2801 n,

1802 2850 1868 2885 ex
1898 2828 2141 2883 Dieuche
2174 2826 2375 2880 scilicet
2388 2866 2405 2889 ‚
2442 2842 2603 2896 quem
2634 2819 2809 2877 inventi

1803 2911 1967 2983 hujus
1984 2920 2253 2961 auctorem
2270 2905 2483 2958 Plinius
2498 2915 2673 2957 noster
2682 2900 2811 2961 facit,

1802 2991 1901 3044 lib.
1948 2982 2170 3051 XXIII,
2214 3004 2333 3057 cap.
2380 3004 2472 3053 ²9·
2516 2984 2675 3037 Nullo
2718 2982 2809 3033 fere

1802 3070 1909 3124 alio
1951 3086 2153 3139 sympo
2188 3084 2281 3119 usa
2315 3064 2603 3135 antiquitas
2618 3102 2633 3127 ,
2674 3074 2809 3133 quan

1802 3168 1903 3203 suo
1936 3146 2225 3217 oxymelite
2239 3184 2256 3212 ,
2284 3145 2461 3215 inquit
2502 3142 2667 3197 Andr.
2704 3140 2809 3193 Bne·

1802 3230 1948 3294 cius,
1972 3228 2071 3281 lib.
2089 3228 2116 3277 Ι
2132 3265 2148 3290 ,
2170 3244 2287 3297 cap.
2318 3228 2423 3289 26,
2440 3242 2501 3295 p.
2526 3232 2625 3289 4⁰3
2647 3234 2810 3289 nempe

1804 3310 2057 3382 quoniam
2114 3306 2155 3359 ii
2216 3304 2465 3357 mecha-ro
2518 3310 2807 3357 caueant,

1802 3406 1917 3462 quo
1938 3404 2139 3458 syr-upa
2158 3397 2342 3438 nostra
2360 3383 2743 3437 concinnamus.
2756 3376 2810 3429 Η.

1890 3490 1919 3523 2
1932 3507 1945 3523 .
1962 3468 2089 3520 Mos
2104 3465 2359 3530 elutriatis.
2384 3464 2504 3515 Hoc
2520 3476 2617 3527 est,
2634 3460 2699 3514 de
2716 3472 2812 3511 ime

1805 3550 1861 3603 in
1903 3566 1995 3602 vas
2036 3544 2303 3600 translatis
2316 3580 2333 3602 ‚
2380 3542 2657 3595 motusis
2672 3578 2688 3603 ‚
2724 3538 2813 3593 sive

1804 3626 1891 3693 (ut
1922 3626 2213 3699 elegantius
2240 3613 2439 3691 Latini)
2466 3620 2689 3675 diffusis.
2726 3616 2813 3672 ffi-

1806 3709 1929 3763 nius
1956 3708 2071 3779 ipse
2096 3706 2191 3761 ubi
2222 3703 2369 3757 hunc
2392 3701 2691 3774 oxymelitis
2712 3712 2813 3751 ω·-

1806 3786 2025 3843 ficieudi
2082 3780 2305 3839 modum
2370 3780 2597 3836 totidem
2656 3792 2812 3834 rursu

1808 3870 1975 3922 ferme
2009 3865 2187 3920 verbis
2218 3862 2411 3926 tradit,
2437 3861 2534 3915 lib.
2570 3860 2749 3921 XXII,
2776 3870 2813 3905 c-

1814 3966 1923 4018 ²9³
1960 3973 1984 3995 ι
2016 3944 2265 4018 Oxymeli
2304 3942 2549 4013 antiqui,
2588 3954 2648 3995 ut
2678 3937 2811 3991 Dia-

1810 4028 1935 4082 cheu
1974 4025 2135 4079 trudit
2156 4060 2173 4085 ,
2217 4026 2325 4077 hoc
2370 4022 2537 4075 modo
2582 4032 2810 4091 tempera-
