2984 5009
676 436 813 535 572

667 599 819 641 rum
840 573 888 659 ⁷,
940 598 1119 660 mam,
1180 588 1247 643 et
1303 574 1550 645 femina
1575 562 1617 644 ⁸.

1208 443 1286 511 C.
1342 443 1678 513 PLINII
1729 442 1938 513 NAT.
1990 442 2237 511 HIST.

1685 575 1907 669 Major
1963 574 2249 643 traditur
2301 572 2442 644 mas
2491 598 2808 669 corpore,¹

671 696 738 751 et
776 678 936 749 folio
972 680 1241 749 duriore
1268 682 1466 752 etiam
1500 707 1578 753 ac
1605 683 1986 778 pinguiore,
2027 696 2094 751 et
2119 682 2286 750 flore
2325 680 2410 749 ad
2445 705 2780 777 purpuram

668 786 1044 856 accedente.
1083 790 1451 883 Utriusque
1486 804 1708 858 autem
1753 790 1878 858 flos
1905 787 2136 858 similis
2169 803 2272 857 est
2305 812 2472 859 rosae
2499 786 2783 872 silvestri,

669 894 792 963 nisi
824 894 1006 989 quod
1046 910 1231 965 caret
1264 894 1489 965 odore.
1530 898 1798 992 Species
1829 895 2074 965 horum
2103 918 2420 991 generum
2453 910 2586 965 tres
2601 894 2645 962 ⁹.
2680 896 2784 963 Est

668 1002 845 1069 enim
898 1000 1217 1088 candida,
1278 1016 1345 1071 et
1394 1005 1586 1099 nigra
1639 1002 1836 1073 edera
1853 1056 1874 1091 ‚
1913 1002 2256 1097 tertiaque
2321 1026 2469 1096 quae
2527 1016 2784 1071 vocatur

666 1106 871 1175 helix.
918 1110 1301 1179 Etiamnum
1316 1108 1365 1133 ¹⁰
1410 1110 1514 1179 hae
1553 1110 1804 1206 species
1843 1108 2240 1179 dividuntur
2269 1110 2338 1177 in
2379 1108 2538 1179 alias
2573 1136 2590 1176 ε
2631 1132 2783 1202 quo-

666 1215 845 1281 niam
896 1229 997 1284 est
1052 1213 1273 1311 aliqua
1330 1215 1556 1285 fructu
1611 1231 1871 1286 tantum
1927 1215 2245 1303 candida,
2287 1214 2416 1284 alia
2471 1230 2540 1285 et
2595 1214 2780 1285 folio:

664 1316 958 1389 fructum
994 1346 1261 1417 quoque
1294 1322 1651 1393 candidum
1693 1324 2047 1393 ferentium
2084 1321 2228 1393 aliis
2258 1321 2504 1392 densus
2541 1323 2781 1403 acinus,

663 1440 733 1494 et
798 1427 1113 1522 grandior
1143 1482 1163 1513 ‚
1232 1431 1512 1500 racemis
1573 1432 1644 1499 in
1707 1430 1940 1501 orbem
2007 1430 2465 1516 circumactiS,
2520 1430 2632 1524 qui
2687 1452 2783 1495 vo-

594 1545 626 1598 3
668 1548 907 1602 cantur
976 1534 1363 1629 corymhi¹¹.

744 1878 798 1930 7.
834 1860 903 1913 Ue
931 1862 1233 1932 reliquarum.
1274 1863 1550 1916 Arborum
1589 1863 1692 1917 sci-

660 1940 787 1993 licet
832 1956 848 1993 :
900 1942 1153 1995 arborum
1182 1942 1325 1995 enim
1366 1944 1588 1996 nomine
1637 1955 1693 1996 et

660 2021 795 2073 vites
820 2032 873 2073 et
902 2020 1074 2073 edero
1102 2022 1477 2087 continentur,
1517 2036 1578 2076 ut
1613 2023 1695 2076 ‹li-

662 2100 802 2154 citur
826 2101 883 2153 in
912 2101 1108 2154 Lexico
1134 2102 1169 2153 J
1172 2103 1281 2155 uris
1306 2102 1511 2156 Civilis.
1557 2102 1627 2157 H.

742 2182 796 2233 8.
834 2181 979 2246 Mas,
1026 2194 1076 2233 ee
1101 2180 1312 2249 femina.
1355 2181 1692 2254 Turpissime

658 2260 841 2331 lapsus
880 2260 972 2313 hic
1002 2262 1238 2326 Plinius,
1286 2280 1409 2333 quae
1451 2262 1520 2315 de
1559 2264 1692 2316 cisto

659 2338 926 2394 audienda
958 2354 1115 2405 sunt,
1159 2350 1232 2414 τῷ
1268 2350 1456 2415 κιττῷ,
1497 2339 1552 2395 id
1581 2356 1688 2409 est,

660 2418 837 2473 ederoe
859 2461 875 2486 ,
908 2420 1112 2474 tribuit.
1160 2422 1274 2475 Nec
1316 2422 1464 2493 apud
1509 2423 1688 2476 Theo-

659 2499 861 2571 phrast.
912 2519 1013 2555 nec
1060 2500 1203 2573 apud
1243 2501 1543 2556 Dioscorid.
1581 2503 1692 2555 ulla

659 2578 834 2634 ederae
872 2579 1175 2635 differentia
1226 2583 1479 2637 statuitur
1511 2602 1542 2635 e
1565 2601 1691 2636 sexu

658 2661 842 2732 petita.
870 2662 1008 2714 Du„

742 2760 796 2810 9.
850 2739 1041 2810 Species
1089 2742 1256 2794 horum
1299 2760 1527 2813 generum
1576 2754 1689 2794 tres.

659 2820 1033 2890 Theophrasto
1054 2860 1069 2881 ,
1108 2818 1279 2874 ederae
1328 2840 1534 2876 summa
1579 2820 1690 2874 duo

659 2917 849 2970 genera
878 2911 1005 2952 sunt
1035 2918 1049 2952 ε
1092 2900 1255 2952 altera
1284 2919 1402 2971 quae
1426 2901 1579 2953 humi
1605 2920 1690 2955 re-

658 2980 773 3049 pit,
810 2978 975 3032 altera
1003 2997 1121 3050 quae
1152 2980 1208 3032 in
1250 2981 1417 3033 altum
1463 2980 1688 3035 tollitur.

660 3058 977 3112 Posterioris
1027 3078 1240 3113 rursum
1302 3060 1404 3115 tria
1454 3065 1690 3132 ’ἕρπει-ες

660 3136 922 3203 candida,
962 3139 1151 3210 nigra,
1203 3140 1377 3206 helix,
1418 3153 1520 3193 etc.
1550 3143 1690 3195 Du..

659 3218 964 3291 —Speee‘es
993 3220 1186 3282 horum,
1216 3234 1317 3274 etc.
1342 3220 1472 3274 Tria
1493 3222 1694 3293 pariter

660 3298 789 3352 edei·
780 3318 833 3351 π
858 3318 1064 3353 summa
1084 3319 1273 3371 genera
1292 3300 1694 3387 Theophrastus

660 3378 851 3445 habet,
874 3380 1006 3434 Hist.
1033 3381 1127 3432 lib.
1150 3382 1255 3441 111,
1286 3400 1400 3453 cap.
1425 3384 1538 3435 ι8·
1559 3390 1606 3435 Ο
1633 3402 1690 3435 τι

660 3460 857 3523 Isinda,
900 3460 983 3513 καὶ
1036 3464 1059 3513 ὁ
1106 3462 1291 3531 noque,-
1333 3462 1415 3514 καὶ
1462 3463 1626 3533 τρίτον

663 3540 778 3603 ἕλιξ.
804 3528 917 3603 fuce
940 3541 1007 3593 ab
1032 3541 1241 3607 ίλὶσσω,
1273 3540 1419 3613 quod
1457 3542 1690 3594 circum·

660 3613 841 3672 *voluta
882 3621 1051 3691 magis
1094 3633 1176 3674 est
1214 3621 1311 3675 ista
1350 3639 1365 3673 τ
1416 3623 1500 3674 vel
1543 3621 1690 3693 quod

662 3699 899 3751 cicinnos
913 3738 927 3763 ‚
941 3700 1033 3771 qui
1056 3702 1207 3761 ἕλικες
1223 3714 1505 3768 vocantur,
1524 3702 1690 3773 magis

662 3778 976 3850 conspicuos
1002 3780 1180 3834 habet.
1210 3782 1392 3833 Hmn.

748 3876 833 3911 ιο.
867 3860 1163 3914 Etiamnum.
1178 3862 1512 3932 Theophr.l.
1547 3882 1594 3916 c.
1617 3864 1687 3917 H.

748 3958 772 3991 1
790 3956 839 3991 ῐ.
868 3939 970 4007 Qui
988 3952 1230 3993 vocemm-
1251 3942 1478 4011 corymbi.
1507 3942 1687 4015 Lego;

671 4043 693 4063 ι
731 4036 849 4089 quae
890 4032 1150 4072 vocantur
1191 4021 1513 4091 corymbiae,
1553 4049 1575 4070 ι
1621 4042 1686 4075 ex

660 4096 1032 4169 Theophrasto
1054 4100 1147 4154 lib.
1172 4101 1287 4166 111,
1315 4120 1432 4173 cap.
1461 4120 1484 4156 ι
1500 4106 1553 4157 8.
1577 4104 1683 4157 Ne·

1413 1538 1586 1607 Item
1653 1536 2019 1607 selenitium
2042 1534 2115 1623 ¹²,
2180 1535 2371 1629 cujus
2435 1550 2536 1605 est
2591 1536 2784 1604 minor

662 1640 927 1727 acinus,
977 1644 1267 1737 sparsior
1308 1668 1634 1714 racemus·
1709 1643 1919 1715 Simili
1961 1642 2164 1713 modo
2216 1644 2288 1711 in
2319 1628 2624 1738 nigra*-

2679 1638 2783 1711 Ali·

1780 1882 1884 1935 que
1915 1862 2060 1915 enim
2093 1860 2160 1915 ad
2193 1880 2372 1916 ramos
2413 1860 2686 1917 referenda
2717 1872 2782 1913 est

1778 1961 1884 1997 vox
1899 1942 2129 2015 corymbi,
2153 1940 2252 1995 sed
2277 1941 2346 1995 ad
2369 1940 2554 1997 ederas
2576 1944 2778 1995 fructum

1780 2023 1964 2077 elbum
1993 2023 2235 2075 ferentes.
2271 2022 2368 2075 Est
2405 2035 2460 2075 et
2491 2042 2652 2095 genus
2673 2018 2777 2075 ede·

1778 2121 1852 2155 rte
1896 2102 2200 2173 corymbia,
2231 2100 2533 2155 Dioscoridi
2569 2103 2637 2155 11.
2661 2104 2776 2155 Du..

1779 2214 1857 2225 --
1877 2181 2124 2254 Cotymbe'.
2154 2184 2414 2235 Racemus
2435 2182 2492 2235 in
2517 2180 2667 2235 edere
2686 2194 2777 2244 est,

1779 2274 1838 2315 ut
1853 2262 1908 2315 in
1929 2263 2037 2315 vite
2053 2302 2068 2329 ‚
2092 2281 2156 2316 ex
2181 2280 2291 2333 quo
2313 2280 2478 2333 grana
2501 2262 2652 2334 plura
2671 2280 2777 2333 pen·

1779 2339 1908 2395 dent
1929 2360 1942 2394 :
1967 2342 2114 2395 hunc
2135 2340 2354 2413 quidam
2381 2342 2688 2413 corymbum
2705 2358 2777 2393 vo-

1779 2435 1903 2475 cant
1933 2440 1949 2473 ι
1981 2424 2031 2475 ὃν
2055 2418 2124 2477 δὴ
2151 2423 2356 2475 καλοῦσί
2373 2442 2502 2484 τινας
2527 2420 2774 2495 κόρυμςσν,

1779 2502 1956 2574 inquit
1977 2501 2253 2571 Theophr.
2283 2498 2466 2555 Hanno.

1865 2600 1888 2634 1
1902 2600 1950 2635 2.
1965 2583 2086 2634 Item
2114 2582 2393 2634 seleniu'um.
2425 2580 2514 2635 An
2543 2580 2591 2633 ei
2622 2576 2775 2652 generi

1779 2679 1809 2714 a
1835 2662 2008 2719 σελήνη
2033 2660 2274 2714 nomen?
2301 2661 2389 2714 An
2421 2662 2704 2722 sefinice'um5
2729 2670 2776 2710 ut

1777 2742 1835 2794 in
1865 2742 2015 2795 MSS.
2055 2743 2186 2811 Reg.
2229 2740 2479 2813 aliisque,
2523 2741 2592 2793 ab
2628 2741 2774 2811 aliqu·

1775 2822 2052 2875 acinorum
2070 2862 2084 2883 ‚
2115 2821 2226 2874 sive
2245 2840 2532 2892 granorum
2554 2820 2774 2873 similitu·

1777 2902 1904 2954 dine
1927 2920 2053 2955 cum
2069 2900 2272 2954 semine
2285 2900 2421 2973 apii,
2449 2898 2598 2971 quod
2625 2896 2774 2954 Greci

1779 2984 1959 3034 σέλινον
1983 2992 2178 3035 vocant
2197 2979 2221 3032 Ρ
2238 2981 2304 3032 In
2333 2981 2550 3035 Anthol.
2571 2980 2662 3033 lib.
2685 2978 2775 3039 111,

1777 3079 1896 3131 cap.
1929 3067 1997 3125 24
2016 3099 2031 3127 ‚
2057 3061 2328 3131 Epigram.
2355 3068 2429 3125 4ο
2449 3100 2466 3127 ,
2497 3060 2693 3113 mentio
2715 3070 2776 3109 est

1781 3144 2008 3197 σκηνὶτου
2048 3145 2220 3193 κισσοῦ
2240 3180 2257 3207 ,
2289 3141 2396 3193 hoc
2424 3153 2536 3204 est,
2565 3142 2776 3193 tabem·

1767 3222 1901 3274 'cula
1927 3221 2234 3291 integentis,
2277 3238 2372 3273 seu
2411 3220 2650 3291 topiaria
2675 3215 2776 3271 ede·

1779 3319 1871 3353 ιω.
1899 3306 1983 3354 An
2009 3300 2240 3371 denique
2267 3300 2587 3365 Silenicnm‚
2619 3320 2646 3353 a
2667 3298 2775 3351 Sile-

1777 3400 1851 3433 no
1889 3378 2186 3452 paedagogo
2231 3392 2284 3433 et
2325 3379 2522 3433 comite
2570 3340 2776 3439 hocchi,

1779 3478 1940 3532 quem
1997 3472 2051 3513 et
2094 3460 2252 3513 edera
2305 3460 2505 3531 pariter
2561 3454 2776 3513 coronari

1780 3540 1982 3593 Plinius
2007 3553 2294 3603 asseverat,
2321 3558 2437 3611 cap.
2468 3539 2564 3594 63.
2583 3540 2743 3592 Ηιιιιι.

1867 3621 1954 3674 ι3.
1990 3620 2154 3673 Simili
2187 3620 2326 3672 modo
2352 3624 2404 3671 e'n
2443 3622 2604 3690 nigra.
2639 3616 2742 3671 Ut
2728 3634 2772 3667 ιιι

1779 3699 2006 3755 candida
2034 3700 2276 3772 proxime
2315 3698 2518 3753 dictum
2561 3712 2633 3751 est
2664 3718 2678 3751 :
2715 3694 2773 3748 sic

1778 3780 1835 3834 in
1865 3782 2046 3853 nigra,
2079 3781 2262 3851 aliqua
2281 3780 2454 3832 fructu
2485 3792 2682 3833 tentum
2705 3774 2771 3827 ni·

1780 3880 1874 3933 gra
1899 3875 2008 3927 est,
2049 3861 2149 3913 alia
2183 3872 2234 3911 et
2263 3860 2392 3913 folio
2419 3878 2434 3912 :
2465 3859 2566 3912 alia
2601 3858 2772 3926 majore

1779 3943 1956 3994 fructu
1981 3980 1995 4004 ,
2043 3960 2134 3993 seu
2183 3939 2335 3993 acino
2357 3978 2374 4005 ,
2425 3939 2525 3992 alia
2577 3938 2765 3990 minore.

1774 4020 2132 4093 Theophrast.
2182 4021 2217 4073 l.
2267 4038 2314 4072 c.
2355 4008 2472 4088 Εχιι
2515 4014 2764 4086 δὶδμίλας

1773 4096 2032 4173 διαφοράς.
2075 4102 2147 4153 At
2197 4119 2321 4154 mox
2361 4098 2507 4153 idem
2548 4094 2764 4168 subjicit,
