2984 5009
607 490 696 535 υ

604 602 705 669 vis
745 602 813 669 in
850 612 1042 667 tauta
1082 584 1610 669 amaritudiness.

1152 468 1231 535 C.
1282 466 1618 535 PLINII
1667 468 1876 536 NAT.
1922 468 2183 536 HIST.

1673 600 1965 669 Pretium
2009 600 2151 694 ejus
2200 602 2267 669 in
2307 587 2573 668 liba-affl
2587 643 2616 687 ,
2647 624 2762 669 vr.

603 708 802 800 Piper
838 690 1175 799 longum¹⁵
1218 704 1564 837 ἱαεὶῑίὶωεθ
1573 705 1983 775 adulteratur
2021 704 2469 775 Alexandrino
2513 707 2766 800 sinapi.

606 812 967 881 Emiturin
1009 809 1248 898 libi-zm,
1288 836 1367 891 x,
1408 812 1532 881 κν*

1537 797 1904 899 6.Α11)υῐη,
1939 838 2013 900 x,
2031 836 2168 901 v11;
2203 814 2506 931 nigrum,
2529 838 2606 898 x,
2651 836 2765 881 nr.

608 922 823 988 Usu-m
852 917 996 1011 ejus
1028 917 1195 986 adeo
1230 916 1556 1012 placuisse
1583 921 1826 991 mirum
1863 934 1988 989 est.
2027 923 2110 989 In
2141 917 2286 989 aliis
2321 920 2567 1013 quippe
2605 942 2772 987 sua·

608 1026 778 1095 vitas
818 1025 1029 1119 cepit,
1066 1026 1133 1093 in
1176 1023 1317 1093 aliis
1361 1028 1612 1120 species
1645 1027 1984 1095 invitavit:
2027 1025 2188 1095 huic
2221 1048 2346 1093 nec
2388 1026 2772 1119 pomi,nec

611 1132 833 1201 baccae
860 1130 1350 1201 commendatio
1374 1146 1475 1200 est
1511 1130 1920 1227 aliquazsola
1949 1130 2262 1227 placet-<3¹⁷
2295 1131 2772 1217 amaritudine,

615 1253 681 1307 et
709 1238 885 1307 hauc
918 1240 993 1307 »in
1022 1236 1227 1307 Indos
1261 1240 1415 1331 peti.
1464 1240 1638 1328 Quis
1673 1238 1786 1309 illa
1827 1240 2082 1335 primus
2111 1264 2201 1309 ex
2251 1239 2406 1309 eriri
2437 1238 2602 1307 cibis‘
2635 1262 2772 1306 vo-

616 1343 735 1414 luit
752 1344 781 1413 '2’
798 1358 915 1413 aut
942 1346 1051 1414 cui
1084 1344 1150 1411 in
1181 1345 1558 1439 appetenda
1585 1346 1900 1417 aviditate
1927 1344 2204 1419 esurire¹
2259 1368 2396 1413 non
2417 1344 2545 1413 fuit
2561 1341 2776 1413 satis?

544 1466 579 1525 4
616 1454 995 1546 Utrumque
1013 1450 1061 1489 ¹⁹
1094 1448 1392 1521 silvestre
1429 1453 1738 1546 gentibus
1763 1455 1896 1523 suis
1923 1468 2056 1539 est,
2099 1466 2168 1520 et
2202 1466 2424 1521 tamen
2461 1448 2776 1545 pondere

704 1717 726 1751 1
742 1699 797 1751 3.
829 1698 1186 1750 Amariteede'ne.
1214 1698 1332 1751 Hoc-
1366 1712 1472 1764 est,
1511 1698 1646 1751 ucri·

618 1778 820 1831 monia.
858 1778 951 1830 Sic
974 1796 1133 1831 voces
1170 1778 1287 1831 illus
1303 1816 1321 1844 ,
1346 1798 1458 1829 acre
1476 1816 1493 1843 ,
1513 1796 1648 1849 aspe-

623 1878 746 1933 rum,
771 1857 990 1909 acerbum
1008 1898 1025 1921 ,
1052 1874 1266 1909 amarum
1283 1897 1300 1923 ,
1326 1857 1533 1910 Plinius
1555 1868 1652 1911 s'ae-

622 1956 695 2010 pe
711 1948 995 2007 permutat.
1010 1934 1191 1989 ffinn.
1222 1968 1303 1977 —
1328 1938 1488 1989 Recte
1515 1937 1654 1990 Har-

626 2016 849 2081 duinus;
874 2034 974 2069 nec
1005 2028 1084 2069 est
1128 2014 1276 2089 quod
1309 2016 1656 2087 Delecampio

629 2096 1001 2159 assentiamur,
1041 2096 1137 2166 qui
1164 2096 1331 2167 paulo
1368 2114 1561 2167 supra,
1589 2093 1655 2148 de

627 2176 815 2246 pipere
840 2172 1042 2245 pallido
1058 2212 1075 2239 ,
1104 2180 1410 2241 acere-imum,
1432 2194 1544 2229 non
1573 2194 1657 2229 as·

622 2258 907 2327 Ina-rimam,
933 2266 1119 2309 contra
1136 2256 1379 2311 omnium
1403 2253 1563 2308 codd.
1591 2254 1656 2306 fi·

631 2332 785 2401 dem,
808 2334 1038 2406 legebat.
1066 2336 1171 2389 En.

718 2436 739 2467 ι
753 2420 806 2478 4.
822 2415 1039 2467 Pretium
1051 2416 1152 2484 ejus
1168 2418 1217 2467 in
1227 2414 1395 2480 libras,
1421 2412 1518 2467 VI.
1540 2413 1660 2467 Hoc

634 2507 713 2547 est
730 2530 746 2557 ‚
770 2512 861 2545 sex
889 2492 1120 2547 denariis
1142 2494 1290 2547 librae
1315 2492 1538 2565 singula
1553 2492 1662 2544 zin-

634 2572 831 2643 giberis
858 2584 1249 2643 permutantur.
1282 2571 1561 2625 Hmn.—-
1580 2572 1662 2625 Itu

636 2651 793 2704 MSS.
817 2663 870 2702 et
900 2649 1031 2703 editi
1061 2669 1246 2703 omnes
1267 2651 1423 2716 libri3
1444 2650 1665 2703 sedcer·

638 2744 691 2785 te
719 2730 805 2783 vel
829 2728 1049 2796 excidit,
1080 2730 1164 2783 vel
1186 2743 1438 2801 corrupta
1456 2728 1664 2783 denarii

639 2822 786 2862 nota.
818 2810 1005 2880 Itaque
1027 2809 1171 2881 lege,
1200 2813 1253 2863 in
1280 2810 1429 2862 libras
1460 2811 1537 2863 Χ.
1570 2810 1662 2863 VI.

639 2888 712 2941 Ni
731 2888 867 2942 forte
892 2886 1211 2962 legendum,
1241 2892 1293 2941 in
1315 2889 1463 2943 libras
1478 2926 1498 2957 ‚
1525 2890 1664 2943 XJ.

642 2968 943 3039 zingiberi,
970 2970 1015 3021 le
1036 2969 1317 3039 gingembre
1333 3007 1349 3031 ‚
1381 2982 1459 3022 est
1484 2982 1538 3023 et
1567 2969 1672 3023 fuit

643 3066 852 3119 semper
892 3048 1082 3121 pipere
1122 3050 1297 3102 vilius.
1341 3048 1471 3103 Mox
1513 3049 1672 3119 piper

642 3129 857 3199 nigrum
886 3130 1178 3183 aestimatur
1203 3140 1410 3182 tuntum
1432 3144 1485 3181 x.
1509 3146 1589 3191 xv,
1615 3125 1671 3180 id

646 3221 751 3272 est,
771 3206 1000 3261 denariis
1024 3222 1273 3282 quatuor.
1290 3210 1457 3261 Bnor.
1471 3238 1554 3250 ——
1572 3210 1674 3261 De·

648 3288 828 3340 narius
853 3302 1028 3341 autem
1057 3288 1264 3341 ratione
1294 3288 1551 3359 temporis
1577 3286 1673 3341 ha·

648 3368 761 3419 bita
807 3384 914 3438 quo
958 3368 1149 3421 Noster
1182 3367 1471 3431 scribebat,
1510 3366 1677 3420 efficit

648 3446 847 3517 gallica
860 3461 1086 3501 mouetae
1099 3466 1236 3501 asses
1254 3444 1678 3518 quatuordecim,

614 3584 619 3591 ,
654 3526 782 3592 sive,
810 3540 870 3581 ut
899 3547 1043 3581 nunc
1065 3526 1317 3595 dicimus,
1348 3546 1420 3596 7⁰
1450 3526 1677 3579 centesi-

655 3625 783 3661 mas.
825 3608 1043 3661 Denarii
1084 3620 1342 3679 quatuor,
1376 3620 1501 3659 aunt
1543 3625 1572 3658 ι
1608 3605 1676 3660 fr.

662 3688 731 3739 83
748 3700 887 3739 cent.
905 3688 1006 3739 Sex
1024 3686 1248 3752 denarii,
1265 3693 1296 3750 4
1318 3687 1384 3740 fr.
1408 3693 1481 3749 24
1500 3706 1546 3738 c.
1567 3684 1675 3739 Eu.

748 3782 768 3817 1
783 3765 837 3818 5.
860 3766 1013 3835 Paper
1029 3768 1221 3837 longum
1234 3805 1249 3831 ,
1270 3778 1375 3819 etc.
1399 3768 1602 3818 Auctor
1618 3766 1681 3817 li-

658 3842 746 3893 hri
776 3862 905 3895 mox
925 3846 1071 3899 citati
1104 3846 1243 3901 inter
1272 3846 1461 3899 Galeni
1478 3863 1640 3916 opera
1661 3886 1676 3907 ‚

654 3940 780 3993 pag.
817 3941 927 3993 997
950 3942 963 3975 :
1022 3951 1043 3972 a
1064 3922 1431 3990 Adulteratur,
1472 3925 1680 3995 inquit,

659 4002 877 4073 longum
902 4003 1076 4075 piper,
1088 4004 1263 4075 sinapi
1286 4016 1337 4055 et
1354 4004 1562 4075 gummi
1578 4005 1684 4057 for·

660 4082 817 4135 matis
861 4082 918 4134 in
974 4082 1202 4153 speciem
1254 4082 1453 4154 piperis
1505 4084 1681 4155 longi,

2419 1696 2562 1749 «Est
2583 1708 2776 1749 nutem

1737 1778 2160 1832 efficacissimum
2220 1776 2394 1867 sinapi
2447 1774 2778 1829 Alexandri-

1737 1876 1901 1922 num,
1928 1870 2028 1910 etc.
2052 1854 2256 1909 -Vide
2283 1856 2440 1908 etiam
2465 1854 2770 1919 Galenum,

1739 1936 1833 1991 lib.
1861 1935 1928 1990 de
1946 1936 2190 1989 Theriac.
2211 1932 2275 1987 ad
2301 1934 2478 1989 Pison.
2508 1954 2555 1988 c.
2583 1954 2674 1989 υ.
2691 1935 2771 1991 11.

1736 1710 1838 1753 etc.
1869 1700 2012 1751 »Et
2037 1716 2162 1771 pag.
2206 1714 2378 1751 1001:

1827 2018 1918 2069 16.
1941 2017 2001 2071 In
2029 2016 2204 2080 libras,
2234 2015 2309 2067 X.
2345 2014 2476 2067 XV.
2507 2015 2625 2067 Hoc
2657 2027 2784 2083 est,

1743 2094 1973 2149 denariis
2015 2113 2105 2159 xv,
2145 2095 2238 2167 qui
2279 2094 2482 2166 gallicae
2507 2107 2780 2157 monetae,

1743 2186 1869 2228 sunt
1889 2194 1955 2229 10
1981 2174 2050 2227 fr.
2085 2178 2156 2228 60
2174 2194 2224 2227 c.
2251 2174 2342 2227 Sic
2361 2174 2540 2227 album
2567 2172 2784 2231 denarii

1745 2270 1849 2319 vn,
1871 2272 1964 2307 seu
1993 2260 2027 2318 4
2052 2254 2090 2309 f.
2117 2252 2188 2325 95
2219 2271 2265 2307 c.
2290 2253 2514 2323 Nigrum
2538 2252 2783 2328 denique

1746 2331 1928 2386 denar.
1962 2351 2042 2398 tv,
2073 2352 2164 2387 seu
2211 2352 2238 2387 2
2283 2332 2321 2387 f.
2356 2332 2426 2387 83
2469 2352 2517 2387 c.
2551 2334 2782 2405 Itaque,

1746 2411 2056 2465 Harduinus
2081 2413 2176 2478 ait,
2188 2412 2411 2483 longum
2430 2412 2572 2478 albe,
2589 2414 2782 2469 album

1745 2492 1930 2564 nigro,
1954 2492 2066 2546 fere
2092 2490 2319 2545 dimidio
2348 2492 2521 2547 carius
2551 2494 2788 2549 aetima-

1749 2584 1885 2625 tum.
1913 2574 2023 2627 En.

1839 2670 1861 2704 1
1875 2671 1927 2723 7.
1957 2652 2174 2705 Placere.
2195 2650 2371 2705 Tolet.
2397 2648 2522 2705 cod.
2529 2652 2786 2723 placuere.
2797 2700 2802 2703 .

1751 2730 1880 2784 Mox
1917 2730 2102 2785 chiffl.
2138 2744 2192 2784 et
2227 2750 2292 2785 ex
2314 2730 2497 2784 Dalec.
2524 2750 2662 2787 unus
2696 2734 2788 2786 ille

1745 2814 1965 2881 primun
1987 2824 2041 2865 et
2063 2810 2225 2883 paulo
2250 2824 2374 2882 post
2394 2810 2648 2883 explenda,
2675 2832 2785 2885 pro

1754 2880 2036 2963 appetenda.
2059 2892 2166 2945 En.

1843 2972 1930 3024 18.
1957 2972 2178 3025 Esurire.
2209 2967 2300 3023 Sic
2324 2988 2508 3025 omnes
2527 2970 2624 3023 lib.
2658 2984 2788 3027 ante

1757 3048 2129 3112 Harduinum,
2172 3047 2317 3121 apud
2353 3070 2512 3125 quem
2551 3068 2662 3103 non
2706 3049 2786 3105 ita

1756 3130 1895 3182 bene
1941 3129 2136 3201 legitur
2174 3132 2357 3193 esurie,
2405 3147 2549 3183 mera
2603 3130 2789 3185 sonan

1759 3226 2042 3279 operarum
2073 3209 2278 3263 incuria
2295 3244 2313 3273 ‚
2335 3228 2502 3281 quum
2534 3208 2618 3262 vir
2637 3206 2788 3265 doct.

1759 3288 1962 3341 nullam
2000 3290 2367 3343 anctoritatem
2394 3287 2640 3342 adducat.
2671 3289 2792 3347 Nos

1763 3366 2012 3421 codicum
2051 3366 2213 3421 fidem
2263 3369 2459 3433 secuti,
2505 3368 2794 3439 pristinam

1759 3448 2044 3501 lectionem
2075 3466 2324 3503 revocare
2355 3466 2482 3500 cum
2509 3448 2794 3515 Broterio,

1763 3528 1902 3580 nuni
1945 3526 2326 3583 dubitavimus.
2359 3560 2441 3570 —
2470 3526 2624 3584 Satis.
2665 3528 2790 3583 Lib.

1765 3607 1915 3682 quid.
1947 3607 2091 3679 apud
2117 3608 2303 3661 Dalec.
2325 3611 2494 3660 satius.
2520 3610 2624 3661 En.

1855 3706 1873 3741 1
1889 3707 1944 3755 9.
1982 3688 2257 3759 Utrumque.
2289 3686 2418 3741 Tria
2456 3688 2656 3760 piperis
2695 3706 2796 3759 ge·

1767 3786 1893 3820 nera
1919 3764 2149 3820 indicata
2179 3781 2331 3833 sunt,
2351 3786 2462 3821 non
2492 3766 2628 3831 duo,
2668 3766 2794 3821 lon-

1769 3865 1894 3917 gum
1913 3886 1930 3911 ,
1957 3845 2136 3899 album
2153 3850 2396 3918 ,nigrum
2423 3866 2438 3901 ε
2463 3866 2569 3901 non
2592 3858 2670 3899 est
2695 3846 2795 3917 igi-

1771 3937 1858 3978 tur
1879 3924 2028 3979 locus
2049 3928 2214 3979 verbo
2235 3927 2311 3979 illi
2339 3940 2603 3999 utrumque,
2625 3944 2792 3998 quare

1770 4016 2017 4077 utcumque
2051 4006 2195 4079 lego,
2223 4026 2332 4059 non
2365 4018 2626 4077 utrumque.
2651 4008 2787 4060 Du..

1769 4115 1850 4127 —
1874 4086 2150 4161 Utrumque.
2177 4086 2334 4158 Piper
2353 4098 2408 4139 et
2425 4086 2787 4157 zingiberi.H.
