2984 5009
1019 420 1341 487 LIBER
1398 421 1607 489 XVI.

2233 415 2388 486 633

247 575 393 644 quae
440 546 747 643 capillata
799 547 1065 635 dicitur,
1104 552 1419 643 quoniam
1464 533 1874 619 Vestalium⁶
1907 530 2240 644 virginum
2291 574 2395 617 ca—

246 654 444 751 pillus
486 655 568 723 ad
602 680 751 723 eam
789 652 1105 724 defertur.

354 764 742 831 LXXXVI.
770 764 1027 831 Verum
1061 760 1269 832 altera
1300 762 1472 873 lotos
1501 766 1568 832 in
1599 759 1950 831 Vulcanali
1971 759 2016 847 ¹,
2046 760 2226 856 quod
2259 764 2391 829 Ro·
2437 808 2462 843 1

248 926 497 979 arborem
514 923 793 987 dicebant,
808 923 864 977 in
894 942 999 995 qua
1022 924 1279 995 capillum

249 1018 469 1059 tonsum
494 1002 906 1074 suspendebant.
932 1028 955 1050 υ
980 1002 1161 1059 Hanno.

339 1088 393 1139 6.
416 1086 659 1154 Quoniam
680 1084 969 1147 Vestalium,
986 1096 1090 1139 etc.
1114 1082 1282 1155 Apud

251 1165 571 1235 Polyaenum
589 1165 826 1217 Theseus
852 1166 1025 1219 crines
1052 1166 1286 1219 anterio·

250 1262 343 1297 τω
373 1244 561 1315 capitis
588 1242 755 1308 radit,
802 1264 939 1317 quos
970 1247 1085 1298 Diis
1106 1264 1289 1299 sacros

254 1321 431 1387 dican
454 1341 565 1377 non
589 1322 735 1395 quod
760 1325 835 1377 ait
852 1325 1197 1389 Plutarchus,
1218 1343 1287 1377 ne

252 1414 469 1456 vetusto
483 1422 632 1456 more
654 1404 889 1477 παρίσχει
908 1408 962 1457 ἐκ
986 1414 1082 1458 τῶν
1111 1412 1286 1475 τριχῶν

252 1484 525 1553 πολεμίοις.
568 1482 729 1553 Apud
784 1483 926 1537 Suet.
978 1484 1033 1537 in
1074 1485 1289 1537 Nerone

258 1580 381 1632 cap.
408 1580 519 1625 xu,
547 1561 693 1613 Nero
730 1565 981 1633 gymnico
1002 1604 1017 1627 ‚
1061 1563 1205 1635 quod
1234 1566 1288 1616 in

258 1643 429 1713 septis
450 1641 639 1695 edebat
654 1682 671 1707 ,
694 1643 831 1695 inter
848 1644 1110 1716 buthysiae
1126 1662 1291 1715 appa·

258 1734 441 1774 ratum
467 1722 687 1773 barbam
713 1722 939 1791 primam
964 1725 1141 1793 posuit
1160 1742 1291 1775 con-

260 1801 434 1854 ditam
454 1802 509 1854 in
540 1820 751 1853 auream
780 1802 1057 1872 pyxidem,
1088 1814 1142 1855 et
1167 1820 1291 1873 pre-

261 1880 559 1935 tiosissimis
634 1882 929 1951 margaritis
982 1881 1291 1934 adornatam

264 1960 539 2029 Capitolio
558 1962 905 2014 consecravit.
926 1960 1083 2030 Apud
1109 1962 1293 2015 Petro-

260 2041 418 2093 nium
450 2040 505 2092 in
528 2038 739 2111 Satyra,
770 2041 1145 2094 Trimalcionis
1172 2042 1294 2093 bar-

263 2122 335 2173 ba
369 2118 563 2190 pyxide
597 2136 759 2171 aurea
786 2138 895 2171 non
937 2120 1134 2191 pusilla
1164 2137 1294 2171 con·

266 2199 382 2253 dita
406 2198 530 2262 fuit,
554 2198 607 2251 in
620 2200 851 2252 armario
868 2202 1129 2269 porticus,
1157 2200 1297 2252 intra

268 2278 545 2333 ediculam
562 2315 579 2341 ,
597 2296 721 2330 cum
744 2279 941 2331 laribus
958 2318 973 2343 ‚
995 2292 1047 2332 et
1072 2278 1298 2331 Veneris

268 2377 575 2412 marmoreo
610 2358 778 2428 signo.
820 2358 1005 2411 Festus
1052 2360 1133 2412 in·
1164 2376 1297 2411 voce

268 2438 522 2509 capillata.
603 2436 990 2491 Tondebantur
1047 2458 1176 2509 ergo
1246 2448 1299 2491 et

268 2518 512 2570 Vestales
528 2554 545 2579 ,
573 2536 739 2587 quum
764 2518 821 2569 in
842 2530 1081 2573 sanctum
1106 2517 1162 2570 id
1194 2519 1299 2571 col·

269 2597 468 2669 legium
514 2610 741 2666 receptae
790 2616 817 2651 a
862 2597 1119 2669 pontifice
1148 2612 1298 2651 certo

268 2677 507 2730 carmine
529 2688 888 2741 sacrarentur,
914 2696 975 2729 ac
1004 2678 1116 2730 Diis
1140 2696 1300 2730 vove-

268 2768 477 2810 rentur.
512 2755 625 2807 Nec
649 2756 905 2809 absimilis
939 2758 1045 2809 fuit
1084 2758 1301 2811 Graeco-

270 2855 395 2889 rum
412 2834 741 2890 consuetudo
760 2876 773 2899 ‚
796 2836 1027 2906 primum
1041 2840 1298 2907 juvenum

272 2934 485 2969 comam
507 2914 789 2977 demendi,
814 2933 934 2987 quoe
956 2918 1039 2969 vel
1064 2918 1300 2981 Deo,vel

272 2995 488 3047 flumini
531 2994 759 3066 cuipiam
792 2996 1098 3049 offerretur.
1140 2997 1301 3050 Hom.

276 3074 435 3128 Iliad.
458 3080 511 3126 Ψ
536 3078 599 3127 de
624 3074 801 3127 Achil.
831 3074 963 3135 Στὰς
990 3072 1296 3129 &ciminum

274 3160 432 3225 πυρῆς
452 3191 469 3215 ‚
486 3154 655 3218 ξανθὴν
680 3155 975 3225 ἀπυωὶρατο
994 3156 1299 3223 χαίτην,’1’ήν

276 3238 342 3305 ῥα
368 3238 617 3304 Σπερχειῷ
646 3242 864 3304 ποταμῷ
898 3236 1040 3305 τρέφε
1074 3236 1310 3289 rabotio)-

279 3316 579 3368 omNai-ro
598 3311 744 3383 apud
760 3316 901 3367 Non.
930 3341 951 3361 ι
972 3314 1160 3385 Itaque
1182 3316 1307 3366 Am·

276 3394 473 3447 hraciae
497 3394 734 3463 primum
764 3395 1015 3465 capillum
1046 3395 1305 3464 puerilem

278 3472 590 3546 demptum,
628 3474 757 3525 item
788 3474 954 3525 cirros
990 3473 1059 3526 ad
1101 3474 1307 3544 Apolli-

279 3571 407 3606 nem
433 3570 632 3625 ponere
648 3552 836 3605 solent.
859 3560 891 3600 ι’
910 3552 1185 3607 Victorius
1208 3554 1304 3606 lib.

278 3632 393 3698 vl,
414 3650 529 3702 cap.
556 3650 583 3683 2
597 3634 649 3686 3.
670 3632 789 3686 Alia
802 3632 1017 3705 quidem
1034 3652 1185 3685 causa
1199 3645 1307 3694 est,

280 3732 382 3766 cur
428 3710 573 3784 apud
618 3711 935 3781 Euripidem
974 3712 1157 3776 Mors,
1198 3731 1307 3765 non

282 3790 433 3865 quod
471 3792 685 3845 Servius
730 3804 920 3861 putat,
975 3793 1309 3858 Mercurius,

284 3888 477 3925 eorum
504 3872 699 3941 quibus
728 3870 899 3925 fatalis
924 3870 1137 3925 advenit
1162 3869 1277 3925 dies
1294 3910 1311 3936 ,

282 3953 521 4016 crinem,
568 3951 734 4005 veluti
777 3950 891 4003 Diis
933 3950 1185 4004 Manibus
1230 3970 1311 4003 sa·

286 4050 439 4084 crum
456 4068 474 4096 ‚
516 4032 665 4084 hasta
694 4030 854 4087 libat:
883 4038 1011 4085 Θαν.
1045 4032 1232 4098 Στιίχω
1262 4028 1314 4083 δ’

1371 926 1453 979 ἅττ’
1475 926 1653 982 αὐτὴν,
1680 927 1743 985 ὣς
1769 924 2090 1005 κατ-ἄρξωμαι
2111 924 2247 994 ξίφιι.
2271 918 2399 997 sapiu.-

1369 1005 1467 1077 γὰρ
1515 998 1653 1065 οὗτος
1705 1011 1802 1057 τῶν
1861 1003 1998 1056 κατὰ
2043 1007 2209 1072 χθονὸς
2247 1010 2400 1072 Θεῶν,

1371 1076 1503 1139 Oreo
1531 1082 1644 1137 τόδ’
1668 1086 1809 1155 ἔγχος
1835 1088 2012 1155 κρᾶτας
2037 1086 2212 1155 ἁγνίσῖ.
2236 1086 2399 1157 τρίχα.

1372 1164 1457 1219 Ad
1480 1162 1628 1237 quod
1649 1164 1829 1216 allusit
1845 1164 1996 1235 Virg.
2019 1168 2139 1216 AEn.
2157 1164 2256 1228 IV,
2283 1168 2397 1233 696

1375 1264 1488 1316 sqq.
1528 1270 1550 1291 ι
1580 1245 1749 1309 Nam,
1775 1244 1899 1315 quia
1921 1262 2021 1297 nec
2046 1244 2184 1305 fato,
2217 1245 2406 1297 merita

1374 1342 1477 1377 nec
1517 1336 1691 1377 morte
1726 1323 1994 1394 peribat...
2031 1322 2285 1375 Nondum
2319 1316 2438 1376 ·ini'

1376 1404 1576 1457 flavum
1605 1402 1930 1473 Proserpina
1961 1404 2160 1457 vertice
2201 1405 2406 1457 crinem

1377 1484 1712 1547 Abstulerat,
1766 1484 2054 1555 Stygioque
2099 1494 2264 1553 caput
2315 1481 2408 1537 da-

1379 1575 1653 1616 mnaverat
1687 1562 1848 1615 Orco.
1883 1588 1906 1610 ι
1956 1564 2152 1615 Mutet.
2191 1562 2246 1614 in
2277 1564 2442 1616 Van·

1380 1662 1498 1715 cap.
1533 1661 1552 1695 1
1567 1646 1599 1693 6
1614 1681 1629 1705 ,
1649 1641 1718 1695 de
1739 1642 2034 1696 Vestalium
2067 1642 2328 1713 religione
2345 1660 2409 1695 ac

1380 1722 1654 1786 institutis,
1668 1723 1872 1775 honore
1887 1721 2221 1791 dignatione3
2242 1722 2411 1775 multa

1380 1802 1542 1854 Alex.
1564 1802 1632 1853 ab
1655 1802 1803 1854 Alex.
1827 1802 2000 1865 lib.V,
2027 1819 2073 1852 c.
2097 1818 2120 1853 1
2137 1798 2334 1852 2.vide
2355 1814 2410 1853 et

1381 1878 1630 1934 eumdem
1659 1880 1754 1933 lib.
1784 1882 1865 1946 V,
1895 1897 2014 1951 cap.
2057 1882 2146 1933 18.
2175 1880 2252 1932 Ut
2287 1879 2409 1933 Fla-

1380 1962 1552 2013 mines
1587 1960 1764 2011 Diales
1798 1959 2276 2029 inauganbtntur‚
2331 1961 2408 2013 sic

1380 2040 1733 2109 capiebantur
1763 2040 2028 2101 Vestales,
2060 2039 2360 2111 virginibus
2379 2060 2411 2092 e

1382 2121 1587 2191 populo
1651 2118 1842 2188 viginti
1896 2118 2046 2171 lectis
2068 2156 2084 2184 ‚
2139 2118 2414 2172 pontilicis

1382 2199 1671 2262 arbitratu,
1703 2216 1766 2250 ac
1796 2199 2075 2251 sortitione
2114 2215 2176 2251 ex
2213 2218 2278 2251 eo
2308 2216 2411 2251 nu·

1384 2296 1534 2331 mero
1561 2280 1617 2331 in
1653 2279 1913 2330 concione
1951 2279 2120 2342 facta,
2164 2290 2226 2330 ut
2261 2279 2412 2349 cujus

1384 2357 1608 2428 virginis
1628 2356 1787 2410 dueta
1810 2369 1968 2421 esset,
2016 2356 2261 2410 Pontifex
2293 2376 2412 2409 eam

1385 2452 1596 2509 caperet
1611 2478 1624 2501 ‚
1643 2456 1809 2509 eaque
1823 2439 1998 2490 Vestae
2017 2438 2184 2490 fieret.
2207 2437 2415 2491 Gellius

1384 2519 1483 2572 lib.
1515 2519 1605 2581 11,
1648 2535 1768 2587 cap.
1818 2537 1907 2571 η.
1959 2516 2251 2569 Roevardus
2293 2536 2414 2588 cap.

1396 2616 1465 2668 ¹7
1501 2598 1810 2649 variorum.
1857 2598 2064 2649 Diuo.
2105 2628 2182 2640 -
2235 2597 2416 2648 Vesta-

1388 2679 1506 2730 lium
1536 2716 1548 2727 .
1571 2718 1582 2729 .
1608 2714 1620 2728 .
1643 2678 1864 2745 capillus.
1897 2674 2284 2729 Tondebantur
2307 2695 2381 2730 eoe
2397 2714 2417 2739 ,

1388 2759 1702 2831 priusquam
1752 2758 1808 2809 in
1856 2755 2137 2825 collegium
2191 2768 2418 2826 recepta

1390 2850 1539 2891 certo
1589 2836 1824 2891 carmine
1872 2855 1903 2889 a
1972 2835 2234 2888 Pontifice
2301 2836 2418 2888 Deo

1392 2917 1828 2987 manciparentur
1861 2929 1932 2969 et.
1947 2928 2302 2969 sacrarentur.
2330 2915 2420 2967 Sic

1392 2996 1538 3068 apud
1571 2997 1900 3050 Christianos
1928 2994 2242 3068 capillorum
2274 2994 2418 3067 posi-

1394 3078 1469 3128 tio
1498 3078 1564 3129 in·
1581 3076 1710 3129 viris
1729 3077 2049 3147 feminisque
2073 3078 2189 3127 Deo
2209 3074 2422 3140 dicatis,

1394 3155 1698 3223 symbolum
1751 3154 2019 3207 servitutis
2068 3166 2176 3220 est,
2218 3172 2321 3225 qua
2365 3172 2422 3206 se

1395 3236 1446 3285 N
1452 3234 1619 3286 nmini
1637 3272 1652 3297 ,
1679 3234 1846 3285 instar
1869 3251 2142 3285 servorum
2159 3270 2176 3295 ,
2218 3232 2424 3285 manci·

1392 3326 1523 3385 pant
1539 3334 1552 3365 :
1568 3312 1714 3365 unde
1727 3312 1864 3365 Servi
1889 3312 1990 3363 Dei
2007 3324 2386 3382 nuncupantur
2404 3329 2419 3364 ε

1394 3392 1542 3466 quod
1564 3406 1716 3445 erant
1741 3392 1872 3445 olim
1904 3391 2042 3444 servi
2079 3392 2239 3444 tonsi.
2281 3392 2424 3444 Vide

1398 3475 1487 3526 Du
1531 3474 1727 3526 Canen
1777 3472 1830 3524 in
1863 3471 2098 3523 Glossar.
2125 3472 2290 3523 verbo
2322 3470 2425 3523 Ca-

1390 3554 1524 3624 pilli.
1555 3554 1604 3605 T
1606 3570 1762 3605 omos
1801 3549 2001 3604 deinde
2050 3552 2222 3603 crines
2263 3550 2422 3623 prisci

1398 3633 1477 3685 illi
1511 3632 1594 3685 vel
1630 3632 1866 3703 Apollini
1913 3631 2094 3697 Delio,
2139 3630 2225 3683 vel
2269 3631 2426 3683 alteri

1399 3712 1451 3765 N
1456 3712 1623 3764 umini
1651 3712 2054 3774 consecrabant,
2091 3710 2177 3763 vel
2205 3729 2426 3782 suspen·

1398 3792 1598 3845 debant
1625 3810 1686 3844 ex
1713 3791 1921 3844 arbore.
1951 3790 2132 3843 Hum.

1479 3871 1788 3923 LXXXVI.
1850 3888 1900 3923 1.
1936 3870 1997 3922 In
2038 3870 2096 3921 V
2089 3870 2316 3922 eelcmali.
2363 3868 2425 3923 P.

1401 3950 1592 4004 Victor
1607 3951 1664 4003 in
1695 3948 2048 4021 descriptione
2061 3949 2212 4001 urbis
2226 3949 2427 4007 Roma.

1400 4030 1620 4102 regione
1645 4042 1832 4101 quarta
1864 4048 1877 4081 ε
1919 4055 1942 4077 ι
1981 4031 2126 4083 Area
2156 4028 2424 4089 Vulcani,
