2984 5009
1024 488 1329 560 LIBER
1398 490 1609 559 XVI.

2245 496 2380 566 611

233 622 679 719 complexum.
726 626 1105 695 Germaniae
1148 616 1496 719 praedones
1548 622 1826 719 singuiis
1876 626 2226 699 arboribus
2283 656 2390 702 ca-

236 734 405 799 vatis
474 732 829 826 navigant,
888 754 1173 826 quarum
1235 730 1540 827 quaedam
1611 746 1678 799 et
1741 732 2012 827 triginta
2081 734 2388 809 homines

232 836 477 906 ferunt.

338 944 745 1038 spississima
764 941 809 1031 ¹,
866 968 946 1012 ex
1002 946 1186 1013 omni
1228 946 1538 1028 materie,
1605 943 1756 1013 ideo
1806 943 1914 1013 et'
1962 950 2388 1041 gravissima,
2427 965 2458 1015 7

224 1050 567 1143 judicatur
600 1050 885 1137 ebenus,
924 1064 993 1119 et
1042 1051 1289 1136 buxus,
1325 1050 1605 1147 graciles
1647 1064 1884 1121 natura
1905 1037 1973 1121 ³:
2017 1067 2256 1125 neutra
2317 1058 2385 1126 in

228 1143 467 1251 aquis⁴
500 1157 745 1243 fluitat,
782 1178 907 1227 nec
952 1157 1172 1241 suber,
1205 1158 1259 1227 si
1298 1157 1610 1227 dematur
1645 1143 1948 1238 cortex⁵3
1995 1147 2162 1229 nec‘
2195 1161 2382 1233 larix.

228 1266 339 1333 Ex
374 1262 643 1359 reliquis
678 1264 1080 1334 siccissima⁷
1125 1263 1329 1351 lotos,
1362 1290 1514 1360 quae
1553 1266 1788 1333 Romae
1814 1251 1946 1335 ita⁸
1990 1267 2384 1362 appeliatur.

228 1370 497 1439 Deinde
537 1370 747 1439 robur
781 1370 1337 1441 exalburnatum⁹
1371 1397 1389 1441 ε

1438 1386 1508 1440 et
1542 1372 1700 1441 huic
1743 1374 2073 1465 nigricans
2095 1372 2144 1398 ¹⁰
2175 1375 2385 1463 color,

228 1479 579 1571 magisque
624 1478 824 1547 etiam
874 1479 1119 1573 cytiso,
1164 1501 1313 1573 quae
1362 1479 1666 1573 proxime
1723 1478 2040 1548 accedere
2098 1481 2384 1553 ebenum

231 1582 517 1652 videtur.
550 1582 1017 1679 Quanquam¹¹
1045 1608 1181 1653 non
1213 1582 1470 1672 desint,
1500 1584 1613 1679 qui
1641 1584 1944 1679 Syriacas
1977 1588 2386 1661 terebinthos

228 1690 559 1785 nigriores
586 1688 943 1761 affirment.
994 1686 1389 1763 Celebratur
1416 1705 1485 1761 et
1505 1688 1842 1762 Ther-icles
1859 1688 1906 1717 '²
1939 1696 2241 1783 nomine,
2277 1722 2384 1766 ca·

224 1906 337 1958 loe.
354 1904 448 1957 cit.
468 1904 583 1974 Τρὶς
601 1904 685 1959 καὶ
706 1900 837 1958 δέκα
859 1907 1083 1976 ὀργυιῶν.
1118 1904 1263 1976 Ergo

224 2002 564 2056 unaquoque
616 1983 784 2056 ὅργυιὰ
828 1984 1011 2039 decem
1041 1984 1263 2038 metitur

224 2062 416 2136 pedes.
444 2066 652 2137 Nempe
674 2067 847 2137 major
861 2066 1045 2137 ὀργυιά.
1068 2066 1149 2117 De
1166 2064 1263 2117 mi·

224 2162 364 2198 nore
388 2144 481 2197 lib.
507 2146 679 2208 vm,
712 2162 829 2217 cap.
872 2148 963 2200 16.
994 2146 1181 2199 Hum.

316 2242 369 2277 ι.
398 2223 716 2295 Spissi-ssime.
740 2223 864 2278 Hoec
902 2224 1257 2297 Theophrast.

224 2304 367 2357 Hist.
386 2304 481 2357 lib.
510 2306 584 2371 V,
606 2322 721 2377 cap.
750 2312 804 2371 4.
832 2305 1017 2359 Han).

316 2404 369 2437 α.
386 2384 501 2436 Ideo
517 2397 567 2435 et
580 2388 883 2455 gravissima.
898 2384 1071 2439 Etiam
1090 2402 1257 2455 quum

224 2476 459 2536 utraque
490 2466 646 2517 aruit.
674 2464 1029 2537 Theophrast.
1057 2464 1191 2517 Hist.
1222 2464 1256 2516 Ι.

226 2546 283 2609 1,
312 2563 432 2615 cap.
469 2546 520 2598 8.
549 2544 735 2597 Haut).

312 2625 369 2678 3.
418 2624 641 2677 Graciles
679 2636 873 2677 natm.
926 2626 1107 2677 Buxus
1138 2624 1257 2696 qui·

222 2702 353 2758 dem
374 2715 517 2769 tots,
540 2706 743 2758 ebenus
784 2702 1033 2759 medulla.
1075 2704 1257 2758 Theo·

223 2784 431 2855 phu-ast.
459 2784 665 2838 Dum:

314 2870 370 2929 4.
398 2864 587 2917 Neues-u
616 2869 667 2917 in
695 2867 850 2939 aquis.
881 2864 1125 2918 Ebenum
1162 2862 1255 2917 de·

220 2944 539 2999 cortic-tam
560 2944 615 2997 in
640 2962 774 3017 aqna
804 2942 1011 3009 sidere,
1052 2944 1255 2997 buxum

223 3042 355 3077 cum
406 3024 527 3095 ipso
593 3025 789 3079 cortice
844 3022 1085 3095 demergi
1111 3062 1129 3091 ‚
1181 3024 1255 3078 ait

221 3104 588 3175 Theophrast.
622 3105 804 3158 Haut).

313 3184 369 3238 5.
393 3182 455 3236 Sa·
474 3184 696 3237 dematur
708 3196 887 3236 cortex.
914 3183 1065 3237 Nihil
1082 3184 1255 3237 Theo·

226 3264 431 3335 phmt.
466 3263 611 3317 Vide
656 3263 997 3329 Vitruvium,
1042 3264 1137 3316 nih.
1167 3264 1254 3329 11,

224 3362 345 3417 cap.
374 3362 427 3413 9.
460 3346 661 3397 Dante.

312 3427 367 3477 6.
398 3423 503 3477 Nee
519 3425 667 3477 laris.
693 3423 1006 3489 Vitruvius,
1034 3422 1127 3477 lib.
1156 3422 1213 3475 11
1236 3456 1251 3481 ‚

225 3522 347 3576 cap.
380 3524 433 3575 9.
468 3504 651 3557 Han.

313 3602 367 3654 7.
389 3585 477 3637 Es:
497 3585 690 3655 reliquis
706 3586 982 3635 siccissima.
998 3582 1078 3635 Ita
1096 3578 1251 3634 MSS.

226 3664 509 3735 Theophr.
541 3665 646 3717 loc.
676 3664 765 3716 cit.
796 3669 905 3715 Τῶν
928 3659 982 3715 δ’
1012 3662 1197 3723 ἄλλων,
1228 3664 1252 3715 ὅ

224 3747 383 3805 λωτὸς
405 3744 731 3806 πυκνότατος,
746 3744 1045 3813 spississima.
1069 3740 1173 3794 Sed
1187 3738 1255 3793 de

230 3823 501 3877 Africana.
528 3822 707 3876 llum.
1196 3816 1203 3825 ’

314 3906 369 3957 8.
404 3905 531 3973 Quoe
558 3904 723 3955 Romoe
750 3904 836 3954 ita.
868 3900 1072 3953 Plinius
1097 3918 1253 3970 supra

230 4000 352 4056 cap.
381 3984 452 4037 53
476 4004 489 4035 :
512 3983 713 4036 motos
750 3982 860 4034 sive
898 3982 1016 4033 fahs
1036 3980 1252 4045 Graeca,

229 4080 395 4135 qnam
426 4064 609 4116 Romo
634 4080 664 4115 a
687 4060 943 4116 suavitate
966 4060 1186 4114 fructus.
1212 4101 1223 4113 .
1243 4101 1255 4112 .

230 4144 383 4197 loton
409 4142 693 4215 appellant.
722 4166 743 4188 ι
776 4142 959 4195 Ηηο.

1434 1920 1485 1971 9.
1521 1902 1933 1957 Euam-natum.
1951 1904 2188 1977 Dempto
2211 1904 2386 1961 albur-

1350 1998 1452 2049 no,
1488 2000 1584 2037 seu
1611 1982 1810 2037 torulo.
1840 1982 2112 2043 L'aubour.
2142 1986 2226 2041 vel
2249 1988 2382 2040 rau·

1352 2062 1469 2117 bier.
1499 2062 1684 2117 thn.

1436 2162 1517 2197 ιο.
1562 2142 1696 2195 Huic
1722 2136 1970 2213 nigricans
2005 2146 2155 2197 color.
2197 2144 2380 2199 Robo-

1348 2223 1423 2277 ris
1444 2222 1778 2276 exalburnati
1806 2222 2014 2293 nigram
2059 2222 2378 2287 medullam,

1346 2300 1704 2374 Theophrast.
1721 2298 2021 2374 μιλᾶνδρυον
2041 2316 2221 2371 vocat,
2240 2304 2376 2360 Hist.

1346 2380 1443 2437 lib.
1460 2384 1514 2448 1,
1529 2400 1647 2455 cap.
1669 2402 1701 2452 9
1718 2424 1733 2446 ,
1751 2394 1804 2437 et
1827 2382 2005 2449 lih.V,
2027 2402 2145 2455 cap.
2167 2392 2218 2451 4.
2239 2386 2375 2441 Du..

1435 2482 1457 2517 1
1476 2480 1500 2516 1
1513 2503 1525 2515 .
1568 2464 1876 2536 Quanquam.
1891 2450 2248 2535 Theophrast.
2267 2466 2372 2520 loc.

1346 2542 1435 2596 cit.
1464 2540 1646 2595 Hnm.
1795 2572 1804 2581 ·

1432 2640 1521 2675 η.
1577 2622 1834 2675 Ther-icles.
1871 2620 2025 2676 Vixit
2063 2622 2108 2677 is
2159 2624 2372 2679 Aristo·

1344 2702 1537 2772 phanis
1563 2714 1728 2757 καῖε.
1753 2700 1986 2755 Videtur
2005 2702 2213 2759 Plinius
2237 2704 2372 2759 velle

1343 2780 1646 2836 Thericlem
1677 2783 1930 2853 τορνευτὴν
1947 2822 1964 2849 ,
2000 2802 2110 2836 non
2143 2784 2372 2856 figulum

1343 2860 1524 2916 fuisse.
1555 2862 1660 2917 Sed
1709 2862 1908 2917 Aratus
1937 2860 2080 2936 apud
2105 2864 2304 2920 Athen.
2331 2866 2369 2919 l.

1343 2942 1424 2995 xl
1442 2982 1455 3005 ,
1482 2962 1603 3016 pag.
1639 2948 1746 3015 471
1769 2985 1784 3008 ,
1817 2956 1999 3015 aperte
2030 2943 2275 2998 fictorem
2305 2944 2371 3000 fi·

1342 3020 1615 3091 glinorum
1640 3042 1864 3094 operum
1893 3022 2037 3076 facit.
2063 3004 2115 3077 h
2140 3028 2264 3097 γαῖα.
2286 3047 2370 3080 xs-

1342 3104 1512 3173 ραμῖτι
1528 3145 1542 3163 ,
1565 3098 1648 3154 σ’ὁ
1669 3106 1902 3173 Θιρικλῆς
1917 3123 2039 3157 ποτε
2055 3090 2230 3168 ἐτιυξι
2243 3118 2368 3171 ‚etc.

1342 3180 1697 3252 Theophrast.
1726 3182 1848 3253 ipse
1869 3182 2003 3235 nist.
2035 3180 2133 3237 lib.
2149 3184 2222 3247 V,
2250 3204 2364 3256 cap.

1347 3266 1378 3325 4
1398 3300 1413 3325 ,
1442 3272 1496 3313 et
1527 3262 1620 3332 qui
1659 3278 1780 3313 eum
1813 3259 1992 3313 laudat
2023 3260 2305 3317 Athenoeus
2328 3264 2366 3317 l.

1342 3358 1386 3392 c.
1413 3358 1531 3411 pag.
1562 3346 1668 3409 47⁰
1687 3379 1700 3407 ,
1720 3338 1996 3395 'rhei-icles
2019 3342 2169 3394 aiunt
2196 3361 2261 3396 ex
2287 3357 2366 3397 te·

1339 3420 1589 3473 rebintho
1602 3437 1722 3473 vasa
1735 3418 1872 3473 adeo
1883 3420 2088 3473 affabre
2105 3421 2368 3476 elaborata

1344 3499 1504 3553 fnisse
1521 3538 1536 3564 ,
1570 3512 1627 3553 ut
1654 3518 1684 3553 a
1707 3498 1960 3553 fictilibus
1983 3498 2214 3553 discerni
2231 3522 2367 3573 εει-ε·

1342 3592 1572 3651 possent.
1602 3578 1724 3633 Non
1755 3579 1920 3651 igitur
1943 3578 2052 3652 ipse
2075 3580 2368 3647 Thericles,

1342 3672 1436 3712 sut
1462 3672 1607 3712 certe
1626 3657 1862 3713 diversus
1884 3660 1949 3711 ab
1971 3676 2035 3712 eo
2051 3700 2066 3723 ,
2089 3678 2120 3712 e
2140 3661 2367 3716 terebin-

1344 3739 1496 3793 thino
1519 3740 1670 3810 ligno
1695 3758 1813 3791 vasa
1841 3734 2101 3793 tornavit:
2119 3735 2366 3813 sed'figli·

1344 3838 1443 3884 na,
1466 3836 1496 3871 e
1522 3820 1670 3891 nigra
1711 3836 1905 3890 nempe
1945 3828 2082 3873 terra
2108 3859 2123 3885 ,
2165 3821 2362 3893 egregii

1340 3899 1546 3952 nitoris.
1585 3899 1880 3968 Hesychius
1907 3919 1920 3950 :
1946 3900 2254 3971 Θηρίκλειος,
2285 3901 2366 3954 καί·

1341 3987 1472 4041 λικος
1491 3974 1621 4040 εἶδος
1653 3980 1751 4031 ἀπὸ
1777 3980 2065 4050 enemim<
2100 3982 2368 4051 κεραμέως.

1348 4060 1483 4125 Quo
1509 4077 1675 4131 porro
1703 4054 1770 4111 ad
1802 4060 1996 4129 pocula
2029 4078 2088 4111 ea
2129 4059 2371 4129 proxime

1346 4136 1664 4193 accederent
1687 4176 1703 4203 ,
1746 4139 1856 4191 sive
1883 4158 1948 4191 ex
1987 4140 2131 4210 ligno
2163 4140 2342 4193 forent
2361 4180 2376 4202 ,

2034 4245 2165 4339 39²
