2984 5009
1003 457 1307 528 LIBER
1344 431 1513 526 xv.

2167 459 2318 536 385

202 591 435 662 laudat.
488 591 709 663 Condi
752 575 1002 660 olivas⁸
1054 592 1341 686 optime,
1384 590 1708 674 orchites»,
1753 604 1822 660 et
1875 595 2168 691 pausias,
2217 597 2326 667 vel

201 699 429 770 virides
463 699 533 768 in
586 700 839 782 muria',
888 697 995 766 vel
1018 785 1024 792 ο
1048 697 1290 766 fractas
1334 699 1402 766 in
1446 695 1741 768 lentisco.
1800 697 2082 768 Oleum⁹
2127 727 2325 797 quam
2367 726 2395 760 ²

200 806 615 876 acerbissima
654 805 829 876 oliva
876 805 1205 899 optimum
1256 803 1419 872 fieri.
1468 807 1730 874 Caetero
1753 803 1801 828 ¹⁰
1835 812 2328 903 quamprimum

200 937 235 980 e
270 927 447 982 terra
480 911 917 1007 colligendam
956 939 973 981 ε
1030 913 1086 980 si
1130 912 1468 1005 inquinata
1507 912 1620 997 sit,
1659 909 2004 982 lavandam
2041 941 2056 982 :
2097 917 2330 988 siccari

198 1019 409 1088 triduo
452 1020 613 1089 satis
656 1043 817 1089 esse.
874 1019 941 1089 Si
991 1016 1209 1113 gelent
1256 1015 1506 1110 frigora
1525 1071 1545 1104 ‚
1593 1031 1832 1112 quarto
1871 1018 1978 1088 die
2015 1045 2330 1115 premen-

198 1123 339 1194 dam
377 1151 393 1192 ε
436 1126 615 1195 hanc
652 1140 721 1194 et
763 1123 897 1194 sale
938 1125 1219 1218 aspergi.
1264 1123 1509 1193 Oleum
1563 1123 1694 1191 in'¹
1732 1123 2031 1195 tabulato
2081 1131 2329 1216 minui,
2375 1163 2378 1168 ·

196 1231 609 1326 deteriusque
632 1231 809 1300 fieri:
836 1233 992 1299 item
1018 1245 1086 1300 et
1109 1233 1177 1298 in
1200 1228 1552 1316 amurca¹²‚
1575 1244 1642 1298 et
1659 1218 2028 1302 fracibus-‚¹³2
2050 1234 2156 1304 hae
2179 1253 2336 1308 sunt

196 1361 459 1424 oernes,
514 1354 584 1407 et
622 1337 777 1408 inde
825 1337 1033 1408 faeceS.
1083 1338 1313 1425 Quare
1358 1339 1598 1431 saepius
1633 1336 1740 1406 die
1787 1339 2269 1433 capulandum¹
2315 1371 2332 1414 ε

195 1535 351 1588 timus
370 1535 597 1589 Fulvius
614 1535 845 1588 Ursinus
872 1553 1034 1605 super
1056 1535 1213 1588 Varr.

194 1614 255 1666 de
272 1617 336 1667 R.
364 1617 430 1668 R.
452 1633 577 1686 pag.
616 1621 683 1678 41
717 1627 770 1667 et
796 1617 885 1667 60.
915 1614 1097 1667 Hui).

266 1697 319 1748 8.
348 1695 515 1748 Condi
540 1695 707 1748 olivas.
743 1695 910 1761 Ceto,
944 1711 1061 1765 esp.
1092 1711 1175 1748 vn
1200 1735 1217 1761 ,

194 1792 243 1842 p.
272 1776 338 1828 13
374 1793 389 1828 ε
427 1803 451 1824 ι
472 1774 629 1827 Oleas
670 1775 931 1838 orchites,
974 1774 1213 1843 pausias:

192 1871 259 1906 ee
282 1855 494 1926 optime
529 1851 864 1910 conduntur,
913 1853 995 1906 vel
1022 1852 1219 1907 virides

192 1932 239 1986 in
256 1933 431 1988 muria
446 1971 463 1990 ‚
482 1935 567 1986 vel
582 1935 637 1985 in
656 1933 876 1986 lentisco
898 1945 1131 1986 contuso
1151 1971 1167 1998 ,
1184 1957 1206 1980 n

190 2013 283 2066 hoe
294 2015 469 2078 est‚iu
487 2013 608 2066 oleo
624 2013 919 2065 lentiscino.
948 2013 1036 2066 Sic
1050 2013 1214 2079 etiam

192 2092 355 2146 Vsu-ro
378 2095 477 2146 lib.
503 2094 559 2158 1,
588 2111 702 2163 cap.
736 2095 826 2144 60.
849 2091 1031 2146 Hann-

260 2191 312 2242 9.
344 2173 525 2227 oleum
552 2191 712 2246 quam.
745 2173 905 2237 Cato,
941 2190 1058 2240 esp.
1080 2189 1210 2230 mxv,

188 2271 298 2322 pag.
333 2257 444 2316 46:
486 2279 509 2301 ι
542 2253 716 2318 Quam
740 2252 1071 2305 acerbissima
1098 2251 1213 2304 olea

185 2333 355 2386 oleum
380 2332 575 2395 facies,
602 2345 709 2384 tam
736 2332 913 2384 oleum
950 2331 1212 2402 optimum

188 2413 293 2467 erit.
328 2439 353 2458 ι
390 2412 586 2465 Ilum.

263 2511 348 2546 ιο.
386 2493 601 2545 Coetem.
638 2492 823 2544 Verba
858 2491 1077 2545 Catonis
1098 2490 1136 2543 l.
1162 2508 1209 2542 c.

186 2594 205 2614 ·
228 2572 427 2626 Oleum
464 2571 641 2625 viride
667 2572 745 2625 sic
772 2572 926 2626 facito
972 2588 987 2622 :
1026 2569 1213 2623 Oleam

182 2671 335 2722 quam
366 2653 704 2723 primumex
738 2662 877 2704 terra
910 2651 1085 2702 tollito
1121 2667 1135 2702 t
1166 2649 1211 2701 si

180 2732 455 2804 inquinata
498 2731 633 2796 erit,
676 2731 837 2784 invito
876 2749 892 2783 τ
924 2749 952 2782 a
990 2729 1130 2783 folii·
1157 2739 1211 2780 et

62 2824 64 2853 ff
180 2825 405 2867 stercore
460 2823 708 2883 purgato.
769 2809 1029 2862 Postridie
1046 2844 1062 2870 ‚
1119 2820 1213 2861 aut

178 2906 291 2961 post
310 2891 465 2946 diem
487 2892 703 2944 tertium
720 2926 737 2953 ‚
759 2907 915 2960 quam
932 2891 1068 2943 lecte
1082 2889 1208 2952 erit,

178 2971 351 3026 facito.
406 2970 469 3024 Si
516 2969 761 3040 gelicidia
805 2982 993 3032 erunt,
1043 2986 1206 3039 quum

175 3051 339 3104 oleam
370 3068 567 3121 coges,
594 3049 837 3102 triduum
866 3061 959 3102 aut
1006 3048 1210 3119 quatri-

174 3127 339 3184 duum
396 3143 534 3202 post
552 3167 569 3194 ,
616 3130 795 3182 oleum
848 3128 1029 3182 facito.
1074 3128 1209 3180 Eam

176 3210 343 3264 oleam
359 3248 378 3278 ,
390 3211 439 3265 si
450 3209 621 3274 voles,
632 3210 741 3262 sale
753 3209 1063 3280 inspergito.
1074 3231 1097 3253 n
1119 3206 1187 3260 H.

254 3309 343 3344 n.
404 3290 587 3343 Oleum
616 3292 685 3341 in.
724 3289 882 3349 Cato,
910 3307 1025 3359 esp.
1052 3305 1206 3352 uxr,

174 3387 289 3441 pag.
328 3369 403 3434 45
436 3389 453 3423 :
496 3395 521 3418 c
550 3367 735 3421 Nolito
774 3365 991 3420 credere
1024 3367 1204 3420 oleum

174 3449 223 3502 in
262 3451 517 3504 tabulato
550 3465 709 3520 posse
752 3463 1061 3502 creseere....
1088 3447 1205 3498 olea

172 3530 397 3599 quadiu
416 3528 585 3581 fuerit
604 3527 659 3580 in
684 3539 823 3580 terra
840 3561 857 3589 ‚
880 3527 1044 3580 autin
1058 3527 1206 3578 tabu-

170 3607 303 3674 lato,
340 3608 477 3662 inde
498 3607 605 3660 olei
632 3607 809 3660 minus
835 3605 929 3659 fiet
947 3646 963 3672 ,
984 3617 1037 3658 et
1056 3605 1203 3659 dete-

168 3691 293 3742 rius.
312 3715 337 3737 ⁸
360 3686 484 3742 Hoc
505 3687 725 3740 Catonis
744 3686 998 3758 placitum
1020 3683 1202 3738 laudat

172 3771 539 3840 maximopere
568 3766 887 3826 Columella,
934 3765 1031 3819 lib.
1062 3765 1201 3826 ΧΠ,

168 3866 283 3919 esp.
322 3851 429 3913 50,
473 3865 595 3919 pag.
642 3849 776 3910 462.
821 3844 1015 3899 Oleum
1060 3858 1205 3898 certe

168 3927 221 3978 in
268 3929 519 3982 tabulato
564 3943 801 3980 erescere
858 3938 965 3978 tam
1015 3925 1207 3979 falsum

168 4019 277 4072 est,
330 4027 499 4079 quam
536 4007 595 4059 in
630 4023 749 4060 area
788 4006 1053 4059 frumenta
1092 4023 1206 4058 cre-

168 4105 337 4142 seere.
360 4088 553 4142 Hm.

385 4188 469 4255 V.

2275 1334 2300 1375 ⁴

1396 1551 1482 1588 υ.
1511 1535 1632 1587 Item
1669 1547 1718 1586 st
1743 1539 1792 1587 in
1823 1557 2036 1591 amma.
2063 1540 2338 1596 subintel-

1308 1612 1442 1682 lige,
1483 1615 1655 1667 minui
1686 1615 1862 1668 oleum
1898 1636 1912 1670 :
1949 1617 1990 1670 si
2038 1617 2091 1670 in
2124 1639 2339 1678 amurca

1306 1690 1510 1746 diutius
1533 1706 1742 1748 maneat
1758 1735 1772 1760 ,
1801 1697 1887 1748 vel
1907 1698 1964 1750 in
1981 1697 2230 1756 fracibus.
2252 1703 2340 1758 Sic

1306 1772 1571 1826 olivarum
1606 1793 1790 1828 carnes
1825 1790 2052 1843 vocant,
2093 1798 2213 1850 quse
2244 1784 2339 1837 uhi

1304 1869 1497 1905 succus
1511 1856 1684 1907 omnis
1697 1893 1712 1920 ,
1733 1855 1837 1907 hoc
1850 1869 1926 1909 est
1939 1857 2142 1920 ‚oleum
2153 1859 2335 1924 fluxit,

1303 1949 1425 1984 cum
1482 1934 1676 1985 nucleo
1729 1948 1948 1988 manent
1987 1954 2002 1988 ε
2048 1951 2102 1991 et
2151 1957 2216 1992 ex
2272 1941 2338 1996 iis

1303 2024 1425 2064 sunt
1456 2012 1636 2070 faeces,
1675 2013 1719 2064 Ie
1751 2033 1883 2073 marc
1908 2015 1992 2068 des
2015 2017 2176 2073 olives.
2201 2019 2273 2074 H.

1387 2092 1475 2144 13.
1531 2091 1786 2146 Fracibus.
1830 2095 2080 2164 Frugibus
2127 2113 2255 2153 vett.
2303 2121 2334 2155 a

1302 2169 1598 2241 frangendo
1662 2183 1930 2244 tamquam
2006 2173 2331 2248 fragmentis.

1301 2249 1393 2302 Eo
1413 2251 1541 2302 su'nt
1565 2251 1803 2322 reliquias
1824 2254 2107 2308 fractarum
2133 2276 2194 2310 ac
2211 2277 2335 2313 oon·

1300 2339 1538 2382 tusarum
1585 2332 1802 2402 trepetis
1848 2333 2110 2388 olivarum
2139 2355 2154 2390 ε
2190 2339 2334 2394 unde

1287 2409 1558 2474 fine-escere
1572 2449 1587 2475 ‚
1613 2429 1708 2464 seu
1720 2411 2012 2483 frugescere
2029 2454 2046 2480 ,
2065 2416 2210 2487 apud
2228 2421 2332 2474 Ca·

1300 2500 1480 2542 tonem
1509 2501 1564 2542 et
1584 2490 1822 2544 Nonium
1846 2511 1909 2545 ex
1937 2495 2118 2550 Accio.
2157 2498 2327 2554 Turn.

1296 2569 1393 2622 lib.
1424 2569 1700 2637 XXVIII,
1725 2589 1838 2644 cup.
1865 2591 1918 2643 7.
1948 2575 2084 2628 Du..

1386 2656 1475 2712 14.
1529 2649 1886 2718 copulandam.
1944 2654 2322 2726 Deplendum,

1298 2726 1720 2782 dehsuriendum
1737 2769 1752 2793 ,
1801 2732 1857 2784 in
1903 2732 2005 2786 alin
2044 2735 2191 2789 labra
2231 2757 2324 2792 seu

1295 2826 1417 2861 vasa
1436 2809 1856 2863 transferendum
1885 2827 1899 2864 :
1925 2839 1946 2860 ι
1967 2814 2104 2868 Nam
2121 2831 2324 2887 quanto

1296 2889 1485 2959 saepius
1512 2889 1856 2944 translatione
1881 2892 1991 2963 ipss
2017 2897 2320 2966 ventilatur,

1297 2979 1351 3020 et
1395 2969 1545 3040 quasi
1592 2983 1890 3038 exercetur,
1933 2973 2109 3046 inquit
2154 2977 2319 3032 Colu-

1294 3048 1453 3101 mella
1468 3048 1595 3113 ,lib.
1617 3049 1755 3112 ΧΠ..
1774 3069 1890 3122 cap.
1915 3053 2011 3121 50,
2033 3073 2155 3127 pag.
2179 3062 2316 3124 460,

1292 3137 1440 3180 tanto
1462 3127 1526 3181 fit
1551 3127 1806 3200 liquidius
1823 3171 1841 3194 ,
1862 3145 1916 3186 et
1941 3151 2152 3188 amurca
2188 3136 2318 3190 libe-

1294 3217 1457 3260 ratur.
1493 3231 1516 3254 a·
1553 3209 1717 3274 Cato,
1763 3227 1882 3280 cap.
1920 3231 2048 3266 ηπ
2087 3232 2102 3266 :
2151 3241 2174 3264 ι
2204 3217 2314 3270 Ubi

1293 3284 1429 3340 facto
1434 3305 1518 3340 res
1532 3287 1766 3342 vectibus
1775 3304 2018 3359 prement
2027 3330 2043 3356 ,
2057 3295 2316 3350 continuo

1292 3366 1570 3436 capulator
1634 3369 1835 3421 concha
1903 3371 2080 3424 oleum
2151 3392 2314 3445 quam

1292 3443 1692 3516 diligentissime
1715 3448 1914 3519 poterit
1933 3489 1949 3515 ,
1987 3451 2167 3515 tollat,
2214 3473 2318 3508 nec

1293 3537 1455 3578 cesset
1481 3543 1496 3577 ε
1539 3526 1718 3579 oleum
1753 3527 1808 3579 in
1834 3527 2046 3582 labrum
2079 3531 2316 3601 primum

1292 3603 1463 3656 indito
1476 3621 1490 3656 :
1501 3603 1626 3658 inde
1635 3605 1688 3657 in
1698 3607 1928 3660 alterum
1935 3607 2164 3677 dolium,
2175 3622 2276 3668 ete.
2287 3641 2312 3664 »

1288 3684 1582 3755 copulator
1595 3703 1624 3738 a
1641 3687 1980 3759 capulis‚quoe
1997 3703 2124 3743 sunt
2137 3707 2318 3749 ansata

1289 3783 1431 3826 vasa,
1448 3783 1650 3818 nomen
1672 3767 1846 3820 habet.
1857 3768 2009 3821 Idem
2020 3770 2156 3825 Cato
2169 3812 2184 3837 ‚
2197 3791 2316 3847 cap.

1294 3863 1437 3904 uir,
1460 3862 1583 3914 pag.
1611 3845 1679 3908 45
1705 3864 1718 3897 :
1743 3873 1766 3894 ι
1784 3847 1972 3901 Oleum
1992 3889 2008 3915 ,
2027 3850 2070 3903 si
2090 3857 2290 3924 poteris
2303 3895 2318 3920 ,

1296 3924 1377 3977 bis
1389 3923 1544 3976 indie
1553 3922 1791 3996 depleto:
1811 3933 1934 3980 num
1954 3930 2132 3984 oleum
2159 3953 2318 4004 quam

1296 4002 1593 4057 diutissime
1640 4004 1698 4056 in
1749 4025 1966 4062 amurca
2012 4023 2064 4063 et
2101 4011 2158 4065 in
2213 4015 2320 4068 fre·

1298 4083 1449 4138 cibus
1470 4084 1605 4148 erit,
1625 4097 1733 4138 tam
1761 4083 2110 4145 deterrimum
2139 4093 2258 4146 erit.
2289 4117 2312 4140 ι

1988 4183 2076 4255 25
