2984 5009
708 407 849 490 408
1242 417 1319 482 c.
1373 420 1704 492 PL1N11
1759 427 1983 500 NAT.
2039 435 2295 506 HIST.

582 595 595 612 ,
705 543 1092 632 gratissima.
1140 548 1445 620 Proxime
1479 555 1556 624 iis
1597 556 1874 630 Falerna
1888 549 1934 652 ³,
1973 590 2013 634 a
2035 583 2210 704 potu
2233 625 2252 659 ,
2291 575 2606 666 quoniam
2649 591 2803 646 tanta

710 648 809 714 vis
836 648 1015 718 succi
1032 649 1325 723 abundat
1348 647 1566 747 (lacte
1583 662 1714 734 hoc
1741 685 2020 740 vocatur
2067 671 2445 773 );iniisque
2463 679 2590 748 alia
2609 682 2804 752 colore

710 747 1316 847 nigro-donantur⁵
1344 765 1566 858 Syriae.
1601 770 2032 868 Reliquorum
2073 786 2342 853 nomina
2379 785 2574 856 aliter
2599 791 2660 856 in
2685 789 2804 858 aliis

658 923 667 932 ,
708 873 905 952 atque
929 860 1067 930 aliis
1090 863 1251 935 locis
1278 871 1712 966 appellantur.
1749 882 1878 951 Sed
1909 886 2224 959 confessis
2253 892 2461 962 Urbis
2494 895 2801 964 vocabulis

708 981 1013 1036 auctores
1043 995 1196 1040 suos
1235 976 1666 1052 nobilitavere
1703 988 2092 1062 Decimiana
2109 981 2157 1083 ⁶,
2184 1011 2252 1065 et
2286 1023 2365 1067 ex
2393 1024 2474 1068 eo
2510 1015 2803 1085 tractum,

707 1073 885 1163 quod
922 1075 1624 1158 Pseudodecimianum
1653 1111 1915 1165 vocant.
1942 1099 2440 1173 Dolabelliana⁷
2470 1105 2802 1202 longissimi

708 1177 1009 1270 pediculi.
1041 1179 1534 1280 Pomponiana⁸
1563 1205 1959 1293 cognomine
1987 1231 2350 1280 mammosa
2369 1265 2390 1299 ‚
2427 1215 2752 1282 Liceriana
2765 1213 2803 1301 ⁹,

708 1287 1021 1376 Seviana3
1056 1305 1126 1358 et
1148 1317 1295 1388 quae
1328 1321 1411 1365 ex
1452 1299 1532 1370 iis
1579 1318 1732 1373 nata
1775 1325 1964 1398 suut,
1999 1315 2502 1404 Turraniaua¹⁹,
2541 1319 2802 1415 longitu-

790 1505 841 1560 3.
873 1507 1105 1564 Falerna.
1128 1513 1288 1569 Nunc
1312 1517 1610 1576 sacchar-ata
1637 1544 1728 1578 vo-

588 1597 593 1600 ·
706 1597 829 1637 cant
846 1626 859 1648 ,
888 1603 915 1638 a
940 1591 1195 1646 suavitate
1223 1599 1364 1650 succi
1380 1636 1394 1659 .
1418 1605 1556 1668 poae're
1576 1624 1725 1659 sacre.

790 1673 843 1731 4.
874 1667 1023 1719 Lacte
1073 1672 1161 1724 hoc
1200 1689 1420 1731 vocatur.
1453 1681 1541 1734 Sic
1573 1683 1730 1740 MSS.

707 1745 837 1824 Reg.
868 1745 1024 1800 Colb.
1054 1751 1157 1805 Th.
1187 1754 1305 1809 Par.
1352 1772 1451 1812 etc.
1495 1776 1553 1815 ut
1596 1764 1731 1819 lacte

706 1825 774 1876 sit
824 1827 967 1880 succi
1000 1849 1199 1885 nomen
1237 1837 1548 1894 nominandi
1579 1863 1732 1912 casu,

1896 1543 1948 1593 7.
1973 1525 2336 1582 Dolabelliana.
2377 1530 2447 1585 Et
2476 1533 2590 1586 haec
2627 1530 2805 1586 laudat·

1815 1603 2155 1671 Columella,
2175 1609 2212 1661 l.
2238 1627 2288 1662 c.
2315 1611 2503 1667 Ham).

1897 1679 1951 1738 8.
1987 1685 2336 1758 Pomponiana.
2379 1692 2460 1744 Ita
2515 1691 2660 1745 MSS.
2697 1693 2805 1762 Reg-

1815 1763 1973 1820 colb.
2013 1766 2118 1820 Th.
2153 1769 2334 1822 chiffl.
2374 1789 2485 1823 non
2529 1772 2805 1842 Pompeiana.

1816 1843 2015 1896 Eadem
2042 1865 2073 1899 a
2103 1847 2270 1900 forma
2290 1889 2305 1915 ‚
2337 1869 2622 1904 mammosa
2653 1869 2808 1904 :nuuc

706 1905 937 1974 antiquis
966 1909 1240 1966 familiare.
1278 1915 1496 1972 Plautus
1531 1922 1586 1975 in
1615 1925 1730 1978 Me-
1809 1927 1969 1993 Poires
1986 1926 2048 1976 de
2075 1925 2167 1978 bon
2193 1929 2416 1982 σῆνέίῐτπ.
2449 1931 2629 1984 Hum-

706 1984 874 2039 naech.
902 1999 1001 2041 act.
1026 1990 1181 2055 V,sc.
1206 2011 1239 2062 9
1264 2034 1280 2060 ‚
1300 2015 1349 2048 v.
1374 1998 1444 2051 30
1468 2015 1481 2047 ι
1505 2027 1526 2048 ι
1545 2003 1732 2079 Neque

706 2081 840 2133 aqua
872 2084 1047 2136 aquoe,
1074 2089 1250 2143 neque
1294 2074 1427 2130 lacte
1462 2092 1542 2132 est
1575 2082 1695 2138 lacti
1717 2122 1732 2149 ,

708 2142 865 2196 crede
910 2147 1039 2200 mihi
1068 2189 1085 2214 ,
1142 2171 1363 2224 usquam
1418 2159 1660 2219 similius.
1703 2189 1724 2210 ι

706 2223 845 2275 Item
872 2225 929 2276 in
958 2227 1075 2282 Mil.
1107 2245 1207 2285 act.
1235 2235 1317 2299 Π,
1348 2255 1419 2289 sc.
1456 2261 1482 2292 2
1507 2279 1522 2304 ‚
1549 2260 1601 2295 ν.
1640 2241 1732 2296 85.

705 2301 849 2355 vide
866 2318 1119 2374 praeterea
1138 2309 1373 2366 Nonium
1385 2353 1401 2380 ,
1414 2317 1732 2387 charisium,

705 2381 1051 2440 priscianum.
1074 2385 1254 2443 Hnm.

791 2463 843 2515 5.
875 2464 937 2514 In
966 2469 1115 2538 ills-que
1148 2471 1249 2522 alia
1284 2475 1441 2526 colore
1479 2481 1623 2548 nigro
1643 2481 1733 2533 do-

707 2551 888 2602 nantur
904 2541 1080 2614 Szrra'oe.
1108 2549 1416 2620 Legendum
1436 2569 1594 2625 puto,
1625 2587 1648 2608 ι
1668 2563 1733 2612 In

708 2620 773 2672 iis
803 2640 922 2691 quo
949 2624 1037 2676 alii
1063 2645 1093 2678 a
1122 2628 1303 2682 colore
1344 2635 1500 2706 nigro
1541 2653 1736 2694 vocant

708 2701 878 2771 Syria.
912 2727 935 2748 ι
972 2705 1052 2756 De
1081 2706 1249 2776 Syriis
1272 2712 1402 2780 piris
1423 2729 1616 2785 praeter
1632 2739 1733 2772 σε·

705 2791 846 2830 teros
864 2781 1127 2852 Virgilius
1152 2805 1309 2842 versu
1344 2793 1506 2848 modo
1537 2797 1731 2855 citato:

708 2881 732 2900 ι
749 2859 1066 2915 Crustumiis
1088 2863 1361 2940 Syriisque
1381 2873 1535 2942 piris,
1568 2880 1740 2948 gravi-

706 2937 913 3009 busque
934 2942 1187 2997 volemis:
1212 2972 1233 2993 ·
1252 2967 1409 3020 quem
1426 2953 1602 3009 locum
1620 2959 1738 3011 sen

706 3016 823 3068 vius
842 3037 1127 3089 exponens,
1139 3023 1314 3096 Syriis,
1335 3029 1533 3102 inquit,
1551 3035 1608 3088 id
1627 3051 1703 3091 est
1719 3076 1735 3103 ,

708 3100 877 3166 nigris.
896 3099 1055 3154 Purr.
1075 3135 1157 3146 —-
1174 3107 1434 3162 Donatum·
1444 3112 1620 3186 Syviee.
1644 3117 1738 3190 Sy-

706 3177 783 3229 ria
813 3175 1084 3247 dicuntur,
1107 3183 1277 3256 inquit
1292 3189 1585 3248 Columella
1598 3235 1612 3260 ‚
1633 3197 1668 3249 l.
1687 3215 1733 3251 c.

708 3257 851 3326 Syn-ii
866 3259 967 3329 piri
984 3275 1175 3332 praeter
1192 3267 1473 3338 Virgilium
1493 3277 1737 3334 meminit

706 3336 1007 3400 luvenalis,
1038 3342 1260 3406 samu,
1290 3367 1341 3400 v.
1368 3353 1437 3420 73
1462 3371 1475 3404 ε
1512 3379 1534 3400 ι
1563 3356 1736 3434 Signi-

633 3479 639 3484 Ι
708 3435 841 3468 num
869 3417 1193 3493 Syriumque
1224 3424 1440 3497 pirum3
1470 3431 1539 3486 de
1570 3437 1736 3488 corbi·

706 3495 809 3549 bus
852 3499 1017 3552 isdem
1034 3541 1049 3566 ‚
1086 3516 1187 3556 etc.
1221 3531 1245 3554 a·
1304 3507 1562 3566 Martialis
1578 3555 1593 3578 ,
1640 3517 1731 3570 lib.

708 3576 780 3640 V,
799 3595 885 3646 ep.
905 3597 1137 3643 Lxxvtu.
1152 3603 1201 3636 v.
1225 3605 1246 3640 ι
1263 3588 1664 3652 3,commendat
1680 3597 1736 3648 in

706 3656 921 3724 primis,
948 3659 1088 3713 inter
1119 3665 1363 3720 secuudae
1393 3689 1584 3725 mensa
1617 3695 1732 3728 mu-

706 3751 859 3797 nera,
882 3758 903 3779 ι
931 3737 999 3790 Et
1010 3759 1205 3797 nomen
1230 3747 1345 3815 pira
1366 3786 1381 3813 ,
1410 3769 1529 3822 quae
1555 3755 1736 3808 ferunt

706 3812 987 3883 Syrorum.
1022 3843 1045 3864 n
1084 3817 1267 3877 Hum.
1434 3823 1437 3828 ’

786 3895 837 3944 6.
870 3895 1170 3954 Decimiana.
1194 3903 1498 3963 Decimiana
1528 3913 1734 3968 Macro·

706 3971 797 4022 bio
821 3973 859 4024 l.
899 3993 945 4026 c.
978 3979 1021 4027 A
1052 3978 1275 4036 Decimo
1318 3989 1500 4060 aliquo
1535 4013 1732 4050 nomeu

706 4051 961 4114 habuere.-
990 4056 1172 4113 Hui).

1898 2021 1951 2072 9.
1987 2007 2246 2076 Licet-iana
2261 2047 2276 2075 ,
2296 2007 2556 2063 Severiana
2565 2050 2576 2062 .
2587 2013 2808 2064 Vetustus

1817 2094 2046 2156 uterque
2100 2085 2266 2140 codex
2320 2092 2623 2144 Licet-niam.
2671 2087 2807 2143 Colu-

1818 2164 1972 2215 mella
1989 2202 2004 2226 ,
2032 2164 2126 2218 lib.
2159 2167 2229 2232 V,
2246 2169 2530 2222 Later-itanu
2552 2185 2602 2222 et
2623 2169 2807 2224 Severia-

1819 2259 1882 2293 na
1898 2262 1920 2304 ,-
1975 2243 2140 2298 iidem
2172 2243 2383 2302 codices
2405 2249 2614 2304 Seviana
2653 2247 2807 2321 appel·

1819 2320 1949 2373 lant.
1977 2323 2285 2380 Macrobius
2302 2367 2318 2394 ,
2343 2329 2439 2381 lib.
2461 2331 2569 2392 111,
2600 2343 2650 2382 et
2677 2329 2808 2383 Colu-

1819 2400 1976 2456 mella
1994 2421 2046 2454 v.
2063 2404 2314 2470 Neai-ma,
2344 2421 2402 2460 ut
2423 2422 2576 2480 puto.
2591 2411 2731 2464 Pur.
2745 2437 2809 2448 -

1817 2479 2090 2544 Licet-iana.
2115 2485 2176 2544 In
2199 2485 2353 2540 MSS.
2381 2488 2678 2550 Licet-niam.
2699 2486 2808 2540 Mal-

1817 2559 1924 2612 lem
1954 2580 1986 2614 a
2019 2563 2229 2617 Licinio
2273 2565 2549 2621 Liciniana
2598 2567 2710 2622 dici.
2753 2567 2808 2618 Η.

1817 2671 1898 2682 -—
1935 2640 2212 2698 semiana.
2250 2644 2655 2702 Scaurianorum
2687 2667 2806 2701 meu·

1819 2719 2017 2774 tionem
2035 2723 2160 2776 facit
2179 2725 2466 2780 Marcellus
2481 2769 2496 2792 ,
2516 2749 2630 2800 cap.
2653 2749 2710 2782 xx
2725 2768 2739 2792 ,
2761 2740 2808 2778 ut

1819 2812 1918 2852 aut
1957 2801 2066 2854 illic
2106 2803 2390 2874 legendum
2433 2811 2500 2861 sit
2553 2809 2804 2869 Severiana,

1820 2892 1912 2932 aut
1937 2881 2027 2934 hic
2051 2880 2340 2938 Scauriana.
2362 2889 2574 2942 Datne.
2591 2922 2663 2931 —
2679 2888 2808 2941 See-ia-

1821 2978 1902 3010 na.
1919 2961 2001 3014 Ita
2026 2961 2180 3016 MSS.
2205 2983 2412 3032 omnes,
2431 2988 2544 3023 non
2562 2967 2807 3021 Severiana.-

1819 3056 2013 3110 nempe
2041 3061 2068 3103 ,α
2097 3042 2254 3096 Sevio
2273 3081 2286 3100 .
2332 3044 2400 3098 de
2443 3067 2552 3119 quo
2587 3047 2808 3102 Gruterus

1821 3135 1959 3191 soepe
1978 3119 2032 3172 in
2047 3122 2317 3194 Inscriptt.
2345 3125 2528 3182 lium.

1908 3217 1992 3252 10.
2027 3202 2104 3253 Et
2131 3222 2238 3274 qua.-
2263 3225 2324 3255 ex
2347 3207 2421 3263 lu's
2451 3221 2572 3263 nata
2601 3220 2703 3261 sane
2729 3207 2770 3259 T
2768 3226 2806 3275 γ·

1823 3282 2172 3338 ranniqna.Sic
2187 3283 2405 3354 quidem
2432 3289 2717 3358 praeferunt
2738 3304 2807 3338 an·

1822 3358 1956 3429 tiqui
1986 3359 2197 3414 codices
2225 3381 2240 3415 τ
2273 3364 2364 3417 sed
2405 3369 2614 3421 mallem
2652 3369 2806 3421 Tm-

1822 3440 1996 3500 m‘ana,
2041 3439 2256 3513 qnando
2293 3456 2346 3496 et
2379 3465 2409 3498 a
2450 3447 2622 3500 Plinio
2655 3449 2808 3536 citetur

1825 3531 2014 3573 auctor
2044 3521 2310 3576 Toranius
2343 3525 2614 3592 Gracula3
2664 3539 2712 3580 et
2751 3537 2806 3576 m

1824 3615 1948 3650 sane
1990 3601 2326 3671 appellantur
2368 3625 2399 3659 a
2443 3607 2720 3661 Columella
2764 3614 2806 3654 et

1823 3675 2101 3732 Macrobio
2133 3719 2148 3744 ‚
2193 3701 2317 3734 cum
2337 3683 2541 3757 duplici
2562 3698 2804 3738 tamenn:

1829 3757 2158 3813 Turraniana.
2168 3759 2414 3816 Pinn—
2423 3767 2726 3818 Turraniana.
2737 3761 2803 3813 Sic

1821 3835 1970 3891 MSS.
2000 3839 2125 3910 Reg.
2145 3853 2243 3894 etc.
2281 3842 2370 3896 Sic
2399 3847 2552 3900 etiam
2575 3839 2802 3898 Columel-

1821 3915 1902 3978 la,
1927 3915 1964 3970 Ι.
1999 3939 2044 3971 c.
2069 3938 2264 3991 nempe
2291 3941 2320 3974 a
2345 3923 2514 3996 Nigro
2540 3921 2770 3978 Turranio
2789 3959 2802 3978 ,

1823 4013 1982 4065 quem
2009 4000 2079 4056 ob
2099 3999 2307 4074 insigne
2330 4003 2700 4076 agricolationis
2715 4011 2803 4052 stn-

1823 4075 1973 4129 dium
1999 4077 2174 4132 Varro
2195 4081 2376 4136 laudat
2415 4085 2468 4138 in
2491 4086 2634 4158 pras.
2654 4081 2733 4134 lib.
2757 4077 2798 4129 Π
