2984 5009
632 417 781 490 388
1158 419 1232 486 C.
1289 415 1632 485 PLINII
1689 417 1908 485 NAT.
1968 417 2228 486 HIST-

633 550 743 620 alii
781 534 1041 634 trixin5,
1078 548 1187 617 alii
1230 573 1560 620 sesamum
1615 550 1912 620 silvestre
1947 548 2331 645 appellant:
2363 547 2594 678 ibique
2631 573 2766 616 nou

631 657 910 751 pridem.
949 658 1087 724 Et
1069 681 1137 724 in
1167 658 1486 750 Hispania
1518 671 1790 777 repente
1817 658 2126 751 provenit
2159 640 2549 725 altitudine⁶
2581 653 2768 742 oleae,

633 762 820 832 caule
869 761 1238 848 ferulaceo,
1298 762 1457 832 folio
1502 765 1768 849 vitium,
1811 765 2062 831 semine
2099 787 2376 831 uvarum
2419 758 2768 856 gracilium

565 901 591 932 2
629 868 1173 966 pallidarumque
1258 871 1489 938 Nostri
1535 895 1680 939 eam
1739 870 2024 938 ricinum
2083 883 2331 938 vocant
2369 892 2410 936 a
2450 865 2767 936 similitu-

629 976 813 1046 dine⁷
856 977 1141 1044 seminiS.
1184 961 1551 1069 Coquitur⁸
1593 976 1660 1044 id
1709 978 1778 1043 in
1823 999 2028 1069 aqua,
2065 977 2504 1069 innatansque
2544 972 2768 1043 oleum

628 1081 940 1152 tollitur⁹.
994 1085 1123 1150 At
1108 1107 1174 1150 in
1203 1081 1554 1177 AEagypto¹⁰
1557 1136 1577 1166 ‚
1609 1083 1722 1152 ubi
1759 1071 2088 1166 abundat,
2127 1083 2266 1150 sine
2302 1083 2453 1174 igne
2491 1094 2561 1150 et
2597 1103 2768 1174 aqua

630 1189 761 1260 sale
798 1214 1139 1282 aspersum
1169 1190 1594 1282 exprimitur,
1633 1190 1794 1258 cibis
1825 1187 2070 1256 foedum
2091 1241 2110 1274 ,
2145 1186 2430 1258 lucernis
2459 1185 2714 1256 utile¹¹.

736 1293 1281 1390 ’Amygdalinurm
1346 1295 1526 1389 quod
1591 1295 1790 1390 aliqui
1861 1293 2262 1388 metopiu1n¹
2331 1308 2613 1375 vocant,
2686 1317 2768 1362 ex

631 1402 870 1497 amaris
904 1400 1185 1470 nucibus
1229 1401 1576 1490 arefactis,
1623 1417 1689 1470 et
1731 1403 1800 1469 in
1837 1401 2043 1470 offam
2083 1403 2374 1470 contusis
2406 1455 2426 1487 ‚
2486 1401 2770 1495 aspersis

630 1533 802 1604 aqua
836 1509 1203 1601 iterumque
1225 1509 1385 1577 tusis
1406 1561 1425 1594 ‚
1454 1509 1866 1604 exprimitur.
1904 1509 2013 1576 Fit
2041 1523 2108 1576 et
2143 1533 2180 1577 e
2225 1505 2450 1595 lauro,
2479 1505 2774 1576 admixto

632 1675 769 1729 νουμ.
816 1655 1011 1710 Oleum
1052 1655 1225 1726 ipsum
1270 1657 1444 1709 κίκινον
1505 1669 1658 1711 vocat
1742 1657 2037 1709 λεπισθὲντοι
2079 1656 2240 1726 ὅμοιον
2283 1656 2487 1724 κρότωνι
2527 1661 2601 1724 τῷ
2646 1655 2772 1725 (cuiq).

637 1738 829 1791 Galen.
878 1736 937 1788 in
990 1735 1660 1808 expl.voe.l·1ippocrat'.
1751 1737 1987 1789 «Semen
2016 1735 2122 1788 fert
2146 1736 2206 1787 in
2235 1735 2350 1788 uvis
2367 1731 2742 1806 asper-icquar!
2759 1771 2776 1798 ‚

636 1830 764 1870 tom.
788 1818 874 1880 ΙΙ,
912 1834 1029 1886 pag.
1051 1818 1144 1869 81.
1165 1816 1344 1868 Ηιιιιυ.
1364 1818 1661 1870 —Ricinus
1743 1816 1840 1868 ubi
1861 1813 2240 1868 decorticatum
2268 1827 2376 1876 est,
2407 1814 2642 1867 ricinum
2668 1813 2778 1866 nni·

636 1897 890 1950 communis
920 1887 1162 1962 (Monoee.
1204 1896 1507 1966 monadelpla.
1536 1915 1656 1968 gen.
1745 1896 1853 1948 mal
1881 1906 2250 1966 reproesentat·
2287 1893 2502 1966 »quod
2521 1893 2662 1947 Gelli
2685 1911 2777 1947 vo·

644 1983 823 2039 2141,
869 1975 1011 2028 Pers.
1074 1976 1401 2044 Euphor-biae.
1456 1977 1490 2028 J
1495 1995 1596 2030 uss
1618 1967 1662 2044 ).
1748 1987 1870 2028 cant
1897 1977 2038 2048 tique.
2071 1973 2254 2028 Banu.

643 2053 898 2110 Herodot.
916 2055 951 2107 l.
968 2055 1053 2119 11,
1067 2073 1114 2109 c.
1144 2061 1243 2123 94,
1268 2056 1335 2108 τὰ
1358 2058 1664 2128 σιλλικύπρια
1833 2057 1888 2108 8.
1942 2054 2195 2126 Coquieur.
2250 2054 2410 2107 Hunc
2465 2053 2575 2107 olei
2615 2052 2778 2124 hujus

644 2148 795 2189 vocat
810 2173 825 2195 ,
850 2153 970 2205 quae
984 2135 1219 2206 [Egyptii
1240 2135 1524 2190 nominant
1549 2137 1664 2190 κίκι.
1749 2132 2108 2187 concinnandi
2123 2131 2342 2186 modum
2357 2131 2520 2186 docet
2537 2132 2776 2188 etDiosc.

655 2215 816 2270 Conf.
839 2214 1117 2286 Sprengel.
1149 2227 1185 2266 t.
1218 2215 1274 2278 Ι,
1294 2234 1415 2286 pag.
1446 2219 1537 2279 48.
1563 2217 1670 2268 En.
1749 2214 1846 2266 lib.
1875 2214 1931 2278 Ι,
1958 2229 2074 2283 cap:
2107 2217 2197 2268 38.
2220 2214 2402 2266 Ι-Ιιιῐ).

646 2329 729 2338 -
748 2295 939 2348 Arbore
976 2299 1027 2346 in
1046 2295 1293 2363 AEgypeo.
1326 2297 1393 2347 Et
1420 2297 1669 2348 arborem
1835 2312 1887 2361 9.
1947 2295 2272 2366 Innocuusque
2341 2293 2500 2344 oleum
2564 2293 2770 2345 tollitur.

649 2374 889 2430 Dioscor.
929 2385 1117 2438 vocnt,
1144 2392 1303 2444 quam
1338 2376 1379 2428 is
1418 2374 1672 2428 describit
1753 2371 2119 2436 Dioscorides,
2147 2373 2242 2426 lib.
2267 2374 2326 2436 Ι,
2360 2392 2408 2425 c.
2437 2373 2533 2427 38.
2577 2375 2774 2428 Dante.

649 2457 687 2508 l.
712 2473 762 2508 c.
794 2453 927 2508 ficus
949 2451 1255 2515 altitudine,
1279 2455 1477 2524 platani
1501 2455 1640 2507 foliis
1657 2491 1673 2520 ,
1841 2471 1927 2506 ro.
1957 2456 2034 2505 At
2053 2456 2102 2504 in
2129 2453 2378 2524 AEgypaeo.
2410 2451 2530 2506 Hoc
2558 2451 2776 2506 totidem

652 2546 753 2588 etc.
777 2535 843 2588 Et
868 2533 1218 2603 Theophrast.
1262 2534 1463 2588 Histor.
1484 2535 1581 2586 lib.
1611 2535 1674 2598 Ι,
1756 2533 1933 2585 verbis
1979 2531 2347 2599 Dioscorides,
2377 2531 2475 2584 lib.
2519 2533 2629 2597 IV,
2665 2549 2773 2602 cap.

653 2633 701 2668 c.
730 2616 821 2668 18.
852 2613 1085 2666 Galenus
1115 2629 1335 2682 quoque
1370 2612 1506 2664 κατὰ
1529 2615 1674 2683 γένη,
1763 2615 1894 2674 164.
1917 2613 2103 2667 Hann-

652 2694 748 2746 lib.
768 2694 850 2744 111
864 2733 879 2755 ‚
900 2709 1015 2762 cap.
1050 2692 1079 2744 5
1094 2731 1110 2756 ‚
1128 2709 1247 2762 pag.
1264 2694 1392 2760 ,728
1406 2731 1422 2756 ,
1444 2705 1504 2744 ut
1519 2693 1677 2763 plane
1845 2711 1868 2744 1
1886 2711 1932 2744 ι.
1961 2693 2190 2744 Lucernis
2215 2691 2348 2744 mile.
2369 2691 2440 2745 Et
2458 2691 2776 2764 emplastris,

655 2773 819 2826 mirer
848 2789 877 2822 a
919 2770 1256 2840 Delecampio
1294 2771 1529 2823 Plinium
1574 2771 1678 2824 hoo
1756 2772 1930 2843 inquit
1998 2769 2334 2824 Dioscorides
2389 2771 2430 2823 l.
2483 2790 2532 2824 c.
2579 2773 2772 2825 mmm

654 2853 778 2905 loco
826 2849 1119 2902 insimulari
1167 2851 1391 2912 erroris,
1441 2851 1537 2921 qui
1575 2851 1679 2904 cici
1757 2854 1934 2916 ἔλαιον,
1961 2849 2180 2916 &epm-ov
2212 2851 2315 2922 μὶν,
2337 2851 2494 2912 ἄλλως
2523 2847 2586 2906 δὲ
2611 2850 2770 2922 xprist-

656 2931 903 2984 arborem
928 2968 943 2994 ,
1002 2947 1116 2984 non
1165 2930 1416 2994 herbam,
1454 2947 1676 2984 vocave-
1761 2952 1850 3002 μον
1884 2932 1952 2992 nte
1974 2934 2172 3000 λύχνους
2190 2970 2206 2995 ,
2236 2929 2319 2983 καὶ
2352 2933 2684 3002 ἐμπλάςρους.
2715 2931 2773 2981 Ιιι

657 3011 745 3064 rit.
777 3007 959 3063 Ham).
1759 3010 1916 3064 MSS.
1941 3023 2117 3064 tamen
2145 3013 2271 3082 Reg.
2295 3011 2444 3063 Colb.
2469 3011 2580 3064 Th.
2605 3007 2773 3064 chiffl.

740 3089 793 3143 5.
838 3089 951 3141 Alii
986 3090 1151 3140 επίἰη.
1200 3091 1335 3161 Reg.
1384 3109 1443 3154 a,
1480 3090 1584 3143 Th.
1627 3102 1682 3145 et
1762 3092 1966 3144 lammis
1985 3091 2127 3143 exile.
2152 3091 2472 3161 Quanquam
2516 3089 2772 3144 Herodot-

660 3167 846 3224 chiffl.
885 3169 975 3220 alii
1010 3168 1138 3231 εἰόἰς
1170 3169 1300 3240 Reg.
1330 3183 1387 3222 et
1428 3171 1585 3224 Colb.
1619 3189 1642 3223 1
1663 3209 1680 3234 ,
1761 3169 2022 3241 Euterpe,
2052 3170 2150 3223 lib.
2177 3170 2232 3223 11
2255 3208 2271 3234 ,
2298 3188 2356 3221 n.
2389 3187 2460 3238 9²
2483 3207 2500 3234 ‚
2527 3190 2586 3242 p.
2644 3188 2775 3232 πυ,

662 3269 689 3300 2
709 3288 725 3313 ,
752 3250 843 3300 alii
886 3252 999 3300 sive.
1048 3249 1235 3311 Forte,
1272 3250 1365 3301 alii
1402 3251 1520 3314 sili,
1562 3267 1682 3321 qun
1761 3262 1816 3303 et
1847 3249 2004 3303 Diod.
2053 3249 2291 3311 Siculus,
2320 3249 2414 3302 lib.
2438 3249 2493 3314 Ι,
2519 3268 2643 3321 pag.
2679 3247 2740 3302 31
2761 3287 2776 3312 ,

654 3345 759 3382 vox
807 3329 983 3382 Plinio
1010 3367 1027 3394 ‚
1074 3347 1176 3400 pro
1232 3331 1402 3394 seseli,
1454 3330 1680 3383 familia·
1762 3330 1940 3382 oleum
1972 3329 2204 3382 cicinum
2243 3329 2476 3382 lucernis
2515 3345 2777 3382 commen·

652 3409 743 3462 ris.
784 3407 969 3462 Hui).
1430 3418 1435 3422 '
1761 3406 1914 3462 dunt.
1936 3409 2119 3462 HAnn.
2133 3441 2216 3452 —-
2234 3409 2379 3460 Utile.
2400 3410 2532 3480 Reg.
2557 3406 2710 3462 codd.
2728 3419 2778 3460 et

738 3493 790 3540 6.
822 3489 1101 3542 Altitudine
1126 3490 1261 3541 oleoe.
1296 3487 1595 3542 Altitudine
1616 3489 1681 3542 fi·
1761 3487 1891 3542 edit.
1930 3489 2209 3560 princeps,
2265 3488 2424 3550 exibi,-
2471 3487 2625 3559 quod
2653 3488 2777 3540 forte

654 3586 776 3632 cus,
800 3585 929 3621 cavo
976 3570 1143 3621 instar
1186 3567 1467 3622 arundinis
1487 3607 1506 3632 ,
1549 3569 1680 3622 solio
1761 3569 1969 3622 melius.
2019 3567 2272 3621 Judieent
2318 3567 2410 3638 qui
2463 3568 2584 3620 oleo
2615 3566 2774 3620 cicino

654 3648 886 3716 platani,
914 3649 1115 3700 semine
1139 3649 1297 3719 quale
1316 3649 1372 3702 in
1396 3648 1516 3700 uvis
1533 3667 1682 3719 aspe-
1761 3659 2007 3700 utuntur.
2039 3649 2198 3700 Nunc
2237 3646 2528 3700 adhibetur
2567 3645 2636 3700 ad
2671 3661 2776 3698 me-

652 3727 746 3780 ris.
777 3726 1075 3779 Dioscorid.
1109 3729 1315 3782 Diuo.
1763 3726 1914 3781 dicos
1933 3745 2088 3793 usus;
2118 3726 2187 3779 de
2207 3729 2323 3798 ejus
2341 3725 2550 3780 medie·
2573 3727 2627 3778 vi
2641 3763 2658 3790 ‚
2673 3721 2776 3777 vid.

735 3826 789 3877 7.
812 3806 866 3858 A
892 3807 1217 3860 similitudine.
1242 3808 1449 3877 Nempe
1471 3825 1501 3859 a
1528 3808 1676 3860 simi·
1765 3807 1903 3860 infra
1933 3807 2033 3861 lib.
2063 3807 2284 3866 xxm,
2311 3825 2430 3877 cap.
2457 3813 2550 3870 41.
2581 3807 2739 3857 Bnor.

648 3884 878 3939 litudine
922 3904 1045 3939 oum
1078 3887 1399 3940 animalculo
1434 3885 1674 3959 ejusdem
1853 3899 1903 3938 t.
1952 3887 2130 3958 Aliqui
2176 3890 2428 3956 metopium
2473 3897 2668 3938 vocam.
2707 3882 2774 3935 Ui

648 3965 910 4029 nominis,
930 3965 1034 4017 hoc
1064 3977 1167 4028 est,
1188 3967 1375 4020 ricino.
1400 3967 1483 4020 Ita
1495 3966 1675 4020 Diosc.
1764 3969 1867 4036 jam
1911 3964 2116 4020 dictum
2163 3980 2241 4019 est
2289 3967 2383 4019 lib.
2414 3967 2580 4030 xm,
2615 3964 2772 4035 capite

648 4044 685 4098 l.
712 4063 759 4098 c.
788 4045 993 4113 Καρπὸν
1024 4041 1084 4098 δί
1114 4047 1160 4097 ὃν
1204 4047 1401 4116 βότρυσι
1440 4048 1676 4116 τραχέσι,
1771 4066 1823 4099 2.
1856 4047 2037 4099 Hum.
