2984 5009
692 429 841 500 216

687 561 888 629 etiam
917 563 1212 630 Homero
1251 559 1420 630 fuit.
1457 561 1667 657 thyon
1704 559 1935 654 graece'

1213 431 1291 498 C.
1348 430 1693 500 PLINII
1747 428 1968 496 ΝΑΤ.
2026 429 2287 496 HIST.

1920 546 1969 590 14

1998 573 2311 646 vocatur,
2344 557 2444 629 ab
2459 557 2609 629 aliis
2636 559 2813 654 thya.

687 669 880 735 Hanc
933 667 1157 760 itaque
1203 667 1375 736 inter
1408 667 1648 738 odores
1692 667 1797 735 uri
1838 664 2040 736 tradit
2084 665 2193 734 in¹
2202 651 2509 735 ⁵deliciis
2556 667 2815 786 Circes,

688 795 890 865 quam
931 775 1147 842 Deam
1185 773 1452 844 volebat
1485 771 1809 867 intelligi.
1840 795 2085 867 magno
2122 797 2349 844 errore
2384 797 2657 858 eorum,
2700 775 2811 867 qui

687 877 1122 948 odoramenta
1167 881 1237 948 in
1275 905 1356 950 eo
1399 878 1727 950 vocabulo
1774 879 2154 974 accipiunt,
2192 897 2396 972 quum
2448 881 2811 973 praesertim

687 983 924 1054 eodem
975 985 1218 1054 versu¹

685 1198 714 1230 e
732 1179 854 1233 citri
883 1179 1076 1234 arbore
1097 1178 1258 1244 fiant,
1285 1179 1410 1234 vina
1435 1193 1707 1251 potantur.

683 1259 870 1313 ΗΑιιιι.

769 1355 793 1391 1
806 1345 860 1404 4.
905 1337 1078 1410 Thyora
1135 1357 1312 1408 ἕνα-σο.
1365 1338 1709 1412 Hesychius·

682 1420 808 1470 Θὺσν
859 1419 1016 1486 ὄνομα.
1071 1413 1301 1488 δένδρου.
1350 1419 1591 1497 Eustath.
1648 1419 1707 1472 in

683 1495 878 1568 Odyss.
905 1503 978 1561 E,
1003 1516 1058 1550 v.
1093 1497 1277 1561 1523,
1321 1501 1445 1553 Θὺον
1478 1494 1705 1570 δένδρον.

684 1574 848 1648 Apud
872 1576 1073 1630 Athen.
1125 1577 1220 1629 lib.
1271 1577 1360 1642 V,
1406 1597 1531 1649 pag.
1571 1597 1705 1647 207,

680 1657 792 1708 οὖα..
834 1653 996 1726 Apud
1033 1655 1308 1726 Theophr.
1348 1655 1482 1710 Hist.
1516 1655 1608 1710 lib.
1632 1659 1703 1721 V,

681 1752 798 1804 cup.
819 1734 851 1788 5
866 1772 883 1799 ,
903 1737 960 1786 τὸ
988 1730 1047 1788 δί
1067 1735 1175 1788 οὐον
1189 1773 1208 1800 ,
1243 1736 1285 1788 οἱ
1309 1731 1368 1788 δὲ
1390 1738 1507 1788 θύειν
1527 1730 1733 1790 καλοῦ-’

680 1834 784 1879 σιν,
820 1828 919 1868 etc.
945 1813 1212 1884 Didymus
1237 1815 1295 1868 in
1321 1833 1444 1868 eum
1482 1815 1705 1870 Homeri

679 1894 856 1947 locum
867 1933 885 1958 ,
911 1896 1058 1948 Θὺου·
1078 1888 1209 1956 ιῖδος
1237 1890 1469 1966 δένδρου,
1491 1895 1523 1953 ἢ
1539 1901 1704 1966 φυτοῦ.

679 1970 868 2026 Ηιιι).

765 2054 854 2108 15.
886 2052 1036 2106 Hanc
1075 2045 1228 2122 igitur
1256 2056 1382 2106 inter
1419 2053 1587 2107 odores
1628 2056 1706 2108 uri

682 2131 836 2184 tradit
860 2135 912 2184 in
928 2133 1111 2188 deliciis
1144 2133 1323 2188 Circes.
1339 2133 1565 2204 Insignis
1595 2153 1706 2188 me·

676 2211 862 2265 moria
905 2212 1083 2284 lapsus
1102 2253 1119 2278 ,
1149 2233 1325 2286 neque
1359 2214 1503 2266 enim
1524 2213 1705 2267 ·Circe

675 2290 816 2345 inter
839 2289 1030 2345 odores
1041 2293 1231 2346 urebat
1245 2294 1438 2347 citrum
1451 2330 1464 2352 ,
1480 2291 1702 2346 cedrum

675 2383 730 2424 et
760 2372 974 2424 laricem
994 2409 1012 2438 ,
1040 2386 1101 2427 ut
1128 2384 1333 2426 constat
1376 2391 1442 2425 ex
1485 2370 1715 2444 decimo·

675 2447 928 2522 Odyssea
949 2492 964 2516 ,
997 2450 1089 2504 sed
1124 2452 1386 2522 Calypso,
1418 2470 1481 2504 ex
1512 2451 1701 2522 quinto

673 2528 912 2600 ejusdem
940 2532 1134 2602 operis.
1155 2532 1223 2583 Ῑιι
1252 2529 1497 2584 eumdem
1520 2531 1701 2583 incur-

674 2610 808 2663 savit
833 2627 1067 2662 errorem
1093 2621 1147 2662 et
1171 2629 1413 2662 summus
1437 2623 1596 2680 poeta
1622 2629 1701 2663 se·

607 2729 616 2735 .
672 2687 848 2758 ptimo
873 2686 1130 2742 AEneidos
1147 2727 1164 2754 ,
1184 2709 1237 2743 v.
1271 2708 1353 2741 xo·
1377 2689 1603 2742 'ru-ibuit
1619 2689 1701 2742 vi·

673 2764 866 2820 delicet
878 2768 1050 2820 Circo
1066 2809 1082 2832 ,
1114 2767 1265 2840 quod
1289 2781 1402 2822 erat
1422 2769 1699 2840 Calypsus.

673 2846 720 2898 E
760 2847 1028 2899 contrario
1066 2848 1374 2901 Aristoteles
1405 2849 1699 2922 Calypsoni

673 2923 766 2977 det
790 2925 936 2998 quod
954 2938 1032 2980 est
1047 2927 1257 2990 Circes,
1282 2926 1523 2980 secundo
1546 2929 1700 2982 Ethi-

672 3022 859 3057 corum
886 3023 900 3057 :
936 3031 960 3054 ι
992 3007 1255 3071 Quocirca
1273 3048 1288 3070 ,
1312 3007 1488 3079 inquit
1503 3046 1519 3072 ,
1543 3027 1701 3080 opor·

672 3095 778 3149 tet,
818 3103 985 3156 quum
1038 3087 1158 3157 quis
1205 3085 1442 3140 medium
1493 3088 1699 3159 assequi

671 3163 826 3230 vult,
859 3177 979 3217 ente
1029 3168 1210 3219 omnis
1243 3166 1450 3236 longius
1493 3168 1643 3220 abire
1669 3185 1697 3219 n

671 3243 838 3314 magis
860 3244 1159 3311 contrario,
1179 3259 1242 3300 ut
1261 3247 1492 3317 Calypso
1515 3265 1697 3300 mone·

669 3321 762 3376 hat
791 3321 1008 3390 dicens,
1039 3324 1201 3379 Extra
1231 3325 1451 3379 fluctum
1469 3365 1486 3392 ,
1533 3338 1585 3378 et
1611 3326 1697 3378 fu·

671 3419 818 3456 mum
838 3423 1028 3461 navem
1047 3402 1220 3478 adige.
1232 3431 1254 3452 ι
1287 3405 1411 3458 Νοιι
1432 3405 1555 3470 hoc,
1570 3404 1699 3457 emi·

666 3484 974 3538 :lentissime
1029 3485 1348 3557 philosophe
1377 3523 1395 3550 ,
1465 3482 1696 3556 Calypso

668 3565 920 3618 monebat
939 3603 955 3629 ,
983 3563 1078 3618 sed
1111 3565 1265 3619 Circe
1281 3603 1296 3631 ,
1343 3583 1408 3617 ex
1436 3561 1695 3617 duodeci·-

668 3659 760 3694 mo
777 3642 1052 3714 'Odyssea
1075 3642 1198 3697 Peri
1224 3643 1431 3697 incuria
1461 3643 1695 3714 Pompo·

667 3720 790 3772 nius
811 3729 1024 3793 quoqne
1042 3723 1186 3775 Mela
1205 3734 1579 3776 conterraneus
1596 3741 1696 3775 no·

669 3811 778 3852 ster
815 3801 873 3852 in
916 3799 1148 3854 secundo
1174 3801 1315 3854 libro
1347 3801 1562 3872 Caly-pso
1590 3819 1693 3872 pro

669 3878 810 3930 Ce'me
844 3879 1055 3955 posuit,
1081 3893 1143 3933 ut
1172 3879 1228 3933 in
1257 3883 1372 3953 ejus
1393 3873 1694 3954 castigatio-

663 3957 827 4012 nibus
856 3957 1210 4013 meminimus.
1223 3961 1482 4028 *Pme-
1510 3961 1689 4015 Cri-ees.

666 4036 881 4111 Trihnh
920 4037 1090 4092 Circa
1125 4039 1362 4105 Plinius,
1406 4039 1553 4112 quod
1592 4039 1692 4093 Cn-

1223 970 1575 1056 ⁶cedrum
1620 984 2019 1079 laricemque
2070 1009 2206 1054 una
2250 984 2519 1054 tradat:
2564 986 2635 1054 in
2688 1009 2815 1078 quo

1799 1180 1954 1252 lypso
1974 1179 2265 1241 Homerus,
2292 1177 2398 1232 Od.
2423 1183 2497 1244 E,
2523 1199 2579 1232 v.
2620 1181 2708 1232 60.
2736 1178 2813 1232 Si·

1798 1259 1939 1312 milis
1957 1257 2101 1312 cedri
2127 1278 2252 1312 usus
2270 1257 2474 1312 deliciis
2489 1255 2671 1311 Circes
2686 1257 2811 1312 attri-

1796 1328 2011 1404 buitur,
2054 1337 2265 1392 AEneid.
2298 1339 2393 1392 lib.
2410 1339 2523 1390 vu
2544 1375 2561 1401 ,
2606 1356 2683 1390 vs.
2718 1355 2807 1389 xo:

1804 1419 2099 1472 ‹Pi-oxima
2136 1417 2350 1472 Circen
2366 1417 2633 1472 reduntur
2645 1419 2811 1470 littora

1797 1509 1951 1551 terrie
1977 1517 1993 1551 ε
2026 1497 2185 1550 Dives
2228 1496 2519 1552 inaccessos
2564 1496 2662 1550 uhi
2689 1495 2811 1549 Solis

1795 1575 1905 1629 filia
1948 1577 2097 1630 lucos
2118 1575 2343 1632 Assiduo
2367 1589 2581 1629 resonat
2617 1587 2767 1628 cantu
2791 1593 2806 1627 ε

1794 1655 2052 1728 tectisque
2105 1655 2347 1726 superbis
2380 1654 2503 1708 Urit
2540 1653 2807 1708 odoratam

1792 1748 2055 1788 nocturna
2074 1734 2131 1786 in
2153 1735 2360 1788 lumina
2387 1733 2636 1788 cedrum.
2658 1759 2681 1782 a
2708 1731 2805 1796 (Cf.

1795 1815 1949 1886 Vix-g.
1975 1827 2014 1868 t.
2036 1815 2146 1884 m,
2170 1833 2225 1886 p.
2256 1813 2363 1866 258
2392 1811 2522 1867 edit.
2548 1803 2709 1881 nost.)
2732 1811 2799 1867 H.

1882 1897 1972 1949 16.
2002 1893 2189 1946 Eodem
2210 1912 2369 1946 versu.
2393 1894 2599 1946 Versus
2622 1894 2804 1945 Home-

1793 1973 1889 2026 rici
1916 1985 2039 2026 sunt
2062 1990 2109 2026 ε.
2122 2013 2137 2027 .
2154 2012 2167 2027 .
2184 1974 2343 2029 τηλόθι
2366 1967 2423 2025 δ’
2448 1967 2585 2045 ὀδμὴ
2600 2011 2615 2040 ,
2631 1969 2803 2042 Κέδρου

1794 2053 2097 2107 τίὔιιιάτοιο
2108 2092 2126 2117 ,
2148 2055 2257 2106 οὐού
2270 2060 2318 2106 τ’
2331 2048 2429 2106 ava
2439 2057 2587 2112 νῆσον
2606 2047 2776 2104 ὄδῶδει
2788 2087 2801 2108 ,

1794 2134 2072 2204 Δαιομένων
2093 2173 2109 2196 ,
2166 2146 2266 2186 etc.
2328 2133 2393 2184 In
2440 2131 2527 2185 his
2583 2131 2801 2184 versibus

1792 2211 1988 2266 Noster
2013 2231 2205 2267 vocem
2246 2230 2472 2284 grecam
2510 2213 2652 2274 θύου,
2692 2209 2804 2262 lari·

1792 2299 1907 2345 cem
1948 2293 2357 2362 interpretatum
2400 2309 2521 2361 quse
2564 2287 2635 2344 ad
2674 2289 2800 2342 hunc

1791 2371 1969 2424 locum
1998 2371 2131 2424 nihil
2158 2370 2305 2424 aliud
2336 2387 2498 2440 quam
2537 2371 2669 2433 thus,
2704 2369 2799 2420 sive

1792 2449 2123 2504 odoriferum
2155 2448 2287 2523 quid
2328 2448 2629 2519 significare
2661 2446 2797 2500 nobis

1792 2530 2020 2585 videtur.
2050 2529 2427 2584 Eu.—Eodem
2451 2547 2615 2581 versu.
2646 2525 2797 2597 Odys·

1790 2629 1919 2672 seae,
1964 2622 2027 2662 ut
2064 2607 2268 2662 dictum
2290 2621 2367 2662 est
2406 2609 2502 2662 lib.
2533 2610 2615 2674 V,
2644 2627 2692 2662 v.
2719 2609 2795 2660 60.

1790 2689 1869 2742 Ita
1889 2689 2108 2742 omnino
2133 2685 2395 2760 Didymus
2418 2687 2647 2741 Homeri
2662 2686 2794 2740 scho-

1788 2768 1988 2834 liasta-³,
2029 2768 2103 2822 ita
2138 2779 2193 2820 et
2218 2767 2530 2820 Eustnthius
2562 2766 2703 2838 legit.
2730 2762 2795 2816 At

1791 2849 2028 2901 Plinium
2042 2845 2235 2902 vidisse
2246 2847 2301 2900 in
2314 2845 2421 2900 suis
2428 2844 2793 2917 exemplaribus

1789 2946 2003 2981 necesse
2029 2939 2138 2992 est,
2168 2922 2361 2996 Κίδρου
2390 2945 2477 2992 τι,
2512 2927 2692 2985 aream:
2715 2941 2791 2981 τι.

1790 3011 1898 3061 θύου
1917 3029 1948 3059 τ
1954 3005 2079 3058 ’ἀνὰ
2089 3011 2232 3063 νῆσον
2253 3002 2457 3060 ὀδώδει.
2472 3005 2613 3060 Nam
2626 3019 2790 3058 vocem

1788 3089 1971 3143 πιῦκην
2003 3087 2198 3159 pinum
2227 3085 2539 3153 interdum,
2576 3081 2791 3170 quando·

1788 3185 1893 3238 que
1920 3165 2076 3219 etiam
2106 3166 2321 3219 laricem
2362 3165 2558 3230 vertit,
2600 3177 2659 3217 ut
2701 3157 2791 3213 suis

1787 3246 1919 3298 locis
1968 3243 2227 3300 dicemus.
2284 3243 2447 3315 Apud
2517 3244 2787 3298 Homerum

1788 3325 1972 3387 Circe,
1989 3324 2099 3395 ipsa
2115 3342 2296 3378 rerum
2316 3325 2367 3377 N
2369 3325 2581 3377 uturum
2596 3320 2788 3375 Tellure

1786 3415 1895 3464 est,
1936 3423 2053 3476 quae
2092 3403 2240 3456 cibos
2276 3401 2477 3456 alendis
2526 3419 2686 3473 usque
2728 3393 2785 3448 nd

1786 3481 1999 3538 delicies
2060 3482 2369 3536 hominibus
2432 3479 2786 3536 subministrat·

1784 3562 1880 3615 His
1910 3563 2003 3634 qui
2030 3561 2473 3633 intemperantius
2494 3561 2783 3614 abutuntur

1784 3642 1963 3712 porcis
1992 3642 2189 3695 similes
2236 3642 2393 3696 fiunt.
2442 3640 2623 3694 Circes
2666 3633 2785 3707 pult·

1785 3722 1952 3788 tium,
1979 3721 2141 3775 Orbis
2152 3733 2229 3774 est
2246 3721 2554 3782 universus,
2582 3719 2683 3771 hoc
2696 3723 2785 3776 est,

1782 3799 1928 3854 istud
1946 3799 2095 3872 quod
2120 3820 2152 3854 a
2186 3799 2344 3854 nobis
2366 3799 2618 3852 incolitur
2636 3791 2784 3848 hemi·

1783 3880 2110 3950 sphaeri‘um,
2154 3891 2209 3933 et
2251 3879 2347 3932 uhi
2386 3874 2648 3950 quidquid
2686 3881 2781 3932 est

1784 3959 1941 4013 edule
1980 3959 2232 4032 gignitur.
2278 3959 2467 4030 Neque
2510 3957 2651 4011 enim
2692 3947 2781 4002 illu

1784 4039 2116 4110 temporibus
2188 4037 2550 4110 hemispherii
2596 4029 2779 4088 alcuius
