2984 5009
364 516 637 539 W
644 513 2406 540 ”smmmmmmmmmmmm
2411 519 2502 541 m

1042 714 1803 893 'TABULA

1206 1040 1633 1123 RERUM

389 1275 551 1337 QUAE
604 1275 681 1323 IN
734 1274 877 1321 HOC
926 1272 1197 1333 Qmwro
1242 1272 1620 1321 VOLUHIRE
1661 1272 1882 1321 rum!
1925 1270 2451 1323 communali.

1130 1488 1710 1517 ——ss—
1759 1515 1773 1532 ⁸

339 1715 846 1818 anmm‘no
882 1734 1184 1810 Editoris
1232 1786 2289 1807 ......................
2381 1739 2498 1835 viij

337 1869 416 1935 c,
452 1862 653 1934 Plinii
696 1861 991 1936 Secundi
1036 1836 1379 1933 Naturalis
1428 1864 1745 1934 Historiae
1795 1861 1969 1933 liber
2007 1867 2144 1935 ΧΠ
2173 1919 2190 1935 .
2223 1920 2290 1937 ..
2465 1892 2492 1938 ι

337 1998 672 2065 Excursus
715 1994 751 2061 1
791 1990 877 2061 de
914 1992 1088 2062 citro
1123 1990 1391 2061 Medica
1416 2042 2289 2064 ...................
2403 2018 2504 2092 99

337 2126 674 2193 Excursus
710 2123 781 2190 Π
819 2117 923 2187 de»
941 2117 1259 2212 lanigeris
1294 2122 1538 2189 Serum
1578 2118 1940 2189 arboribus
1978 2172 2291 2193 .......
2366 2126 2504 2209 104

334 2253 673 2320 Excursus
708 2250 813 2317 111
851 2244 937 2315 de
973 2245 1190 2315 ebeno
1239 2298 2290 2318 ......................
2365 2250 2501 2321 108

331 2379 672 2447 Excursus
706 2374 809 2443 IV
842 2369 927 2441 de
969 2372 1203 2466 pipere
1244 2386 1319 2440 et
1360 2372 1702 2468 zingibere
1731 2422 2288 2445 ............
2361 2400 2389 2447 1
2413 2402 2498 2449 10

331 2508 677 2575 Excursus
706 2500 789 2568 V‘
805 2496 890 2568 de
925 2494 1099 2593 lycio
1125 2501 1451 2569 Veterum
1482 2552 2284 2575 .................
2361 2530 2387 2577 ι
2409 2530 2436 2576 1
2452 2504 2496 2578 3

332 2636 673 2703 Excursus
702 2629 803 2698 VI
839 2626 923 2695 de
966 2626 1252 2713 moire,
1288 2624 1391 2696 vel
1430 2652 1694 2698 macero
1725 2682 2283 2703 ............
2359 2659 2385 2705 1
2409 2638 2495 2721 14

336 2752 835 2827 Excursus'VII
881 2754 966 2824 de
1002 2754 1205 2825 variis
1244 2754 1441 2825 nardi
1484 2756 1869 2853 speciebus,
1914 2772 1984 2829 et
2021 2757 2107 2830 de
2151 2785 2298 2831 ma-

436 2884 746 2954 labathro
782 2938 797 2953 .
826 2894 830 2899 “
830 2937 2281 2962 ..............................
2357 2916 2384 2963 1
2409 2891 2495 2962 16

330 3018 677 3085 Excursus
700 3014 874 3083 VIII
918 3009 1003 3081 de
1038 3012 1367 3081 thurifera
1402 3014 1646 3083 arbore
1674 3066 2280 3089 .............
2357 3043 2384 3088 1
2407 3044 2494 3117 ¹9

331 3146 671 3213 Excursus
710 3143 816 3211 IX
859 3138 943 3208 de
989 3138 1423 3211 cinnamomo
1457 3153 1528 3208 et
1568 3139 1746 3209 casia
1793 3190 1816 3211 .
1867 3188 2278 3212 .........
2356 3168 2490 3215 120

327 3274 670 3341 Excursus
710 3271 779 3337 X
824 3267 908 3337 de
940 3292 1265 3339 cancamo
1280 3318 2279 3342 .....................
2354 3298 2381 3343 1
2399 3270 2492 3362 2'4

330 3398 673 3465 Excursus
716 3370 819 3465 XI
859 3394 945 3465 de
982 3393 1433 3493 myrobalanis
1472 3448 2277 3468 .................
2354 3426 2380 3471 1
2395 3402 2490 3475 30

328 3495 960 3595 Excursusxl'lde
1001 3522 2277 3617 bryo
2353 3531 2490 3614 140

332 3654 411 3720 C.
458 3648 663 3719 Plinii
709 3648 1003 3719 Secundi
1046 3648 1388 3722 Naturalis
1435 3650 1754 3722 Historiae
1799 3649 1972 3720 liber
2021 3654 2227 3722 XIII.
2260 3705 2276 3721 .
2355 3654 2490 3741 143

330 3781 673 3848 Excursus
712 3781 747 3847 I
797 3774 882 3845 de
922 3776 1075 3845 lotis
1103 3779 1429 3847 Veterum
1473 3826 2276 3851 .................
2344 3780 2489 3869 243

332 3906 673 3975 Excursus
707 3907 778 3976 11
813 3904 897 3975 de
932 3904 1160 4000 cytisis
1184 3906 1508 3977 Veterum
1527 3958 2280 3980 ................
2343 3909 2474 3983 261

333 4036 413 4103 C.
449 4030 651 4101 Plinii
690 4030 983 4104 Secundi
1026 4031 1371 4104 Naturalis
1408 4035 1722 4105 Historiae
1760 4033 1928 4104 liber
1960 4036 2126 4105 XIV
2163 4088 2175 4103 .
2211 4087 2228 4104 .
2260 4088 2276 4105 .
2345 4039 2486 4137 269

484 4163 567 4228 V.
2149 4162 2241 4247 43
