2984 5009
497 855 520 888 1

558 506 650 551 20

1101 480 1176 548 C.
1228 478 1568 548 PLINII
1618 478 1831 549 NAT.
1884 478 2149 547 HIST.

553 615 766 709 pomi,
799 610 1243 707 cynorrhodo.
1273 613 1520 680 Serunt
1546 634 1695 680 eam
1739 613 1809 679 in
1855 612 2138 704 campis,
2176 632 2300 677 nec
2327 622 2429 678 est
2450 608 2703 702 gratior

553 720 862 789 villarum
897 734 1286 813 prospectus
1303 704 1349 786 ⁵.

667 828 857 895 XIV.
896 824 1094 893 Oliva
1129 824 1334 893 Indiae
1365 826 1639 910 steriliS,
1686 839 2127 918 praeterquam
2165 813 2429 891 oleastri
2458 820 2702 890 fructu.

559 924 744 1021 (vn.)
792 933 1037 1001 Passim
1079 930 1278 1001 vcro¹
1329 956 1476 1025 quae
1512 934 1706 1029 piper
1741 932 2067 1026 gignunt,
2104 930 2425 1023 juniperis
2460 930 2707 995 nostris

564 1037 808 1108 similes
847 1064 860 1105 :
906 1062 1289 1132 quanquam
1342 1039 1412 1106 in
1469 1038 1691 1109 fronte
1760 1037 2039 1106 Caucasi
2104 1034 2349 1105 solibus
2399 1034 2708 1128 opposita

563 1147 742 1240 gigni
759 1159 1018 1213 tantum
1041 1168 1152 1213 eas
1170 1143 1369 1238 aliqui
1399 1145 1750 1215 tradidere.
1770 1145 2036 1212 Semina
2064 1166 2105 1210 a
2123 1143 2432 1235 junipero
2459 1140 2709 1209 distant

559 1250 855 1348 parvulis
913 1250 1198 1345 siliquis,
1241 1249 1467 1343 quales
1510 1254 1579 1319 in
1628 1248 1888 1319 faseolis
1928 1248 2249 1317 videmuS.
2297 1248 2454 1334 Hae,
2490 1247 2707 1341 prius-

514 1426 522 1435 ,
561 1355 796 1453 quam²
830 1356 1210 1442 dehiscant,
1249 1354 1619 1451 decerptae,
1668 1370 1985 1449 tostaeque
2024 1352 2202 1440 sole,
2246 1353 2495 1422 faciunt
2526 1347 2711 1445 quod
2760 1346 2771 1357 ’

562 1581 665 1654 syce
688 1574 1158 1649 bombycinorrhodo.
1175 1574 1590 1649 Pan—calyx

563 1674 640 1713 est
684 1657 982 1720 folliculus,
1015 1674 1124 1726 quo
1161 1654 1495 1721 dehiscente,
1530 1657 1587 1708 in

563 1758 657 1792 sua
669 1738 794 1791 folia
816 1736 1048 1807 primum
1069 1753 1123 1788 se
1141 1734 1298 1787 flores
1323 1734 1591 1806 pandunt,

561 1831 624 1871 ut
647 1819 704 1870 in
725 1817 857 1869 rosis
883 1833 898 1867 ε
931 1830 1056 1867 mox
1083 1833 1304 1885 pomum
1322 1815 1592 1869 fructusve

563 1897 806 1967 emergit.
829 1894 1186 1966 Theophrast.
1225 1895 1412 1947 folium
1437 1913 1593 1947 moro

565 1978 734 2030 simile
751 1974 951 2047 pariter
969 1992 1078 2027 esse
1094 1972 1274 2039 tradit,
1294 1986 1458 2027 totam
1476 1976 1595 2028 stir-

564 2074 690 2128 pem
732 2052 1079 2125 >cynorrhodo
1115 2075 1128 2105 z
1181 2058 1250 2106 Τὸ
1293 2056 1376 2124 μὲν
1423 2056 1592 2123 φύλλον

567 2137 730 2207 ὅμοιον
756 2140 820 2203 τῇ
843 2136 1118 2204 συκαμίνῳ·
1145 2135 1198 2187 τὸ
1223 2132 1306 2185 καὶ
1319 2134 1428 2185 ὅλον
1447 2135 1591 2202 φυτὸν

570 2213 807 2277 (rectius
835 2214 1078 2265 Plinium
1112 2214 1296 2283 legisse
1333 2214 1595 2279 arbitror,

570 2298 628 2347 τὸ
691 2296 843 2364 μήλου
879 2294 1064 2345 κύτινον
1102 2288 1124 2355 )
1166 2295 1268 2354 ταῖς
1323 2290 1597 2361 κυνορόδοις

571 2378 752 2447 ὅμοιον.
779 2375 961 2427 ΗΑΜ).

658 2458 709 2506 5.
745 2446 986 2505 Viam-um
1001 2464 1291 2521 prospectus.
1315 2451 1403 2504 Sic
1424 2469 1602 2503 emen-

575 2534 817 2586 davimus
833 2550 898 2584 ex
923 2534 1049 2600 neg.
1086 2550 1136 2597 1,
1159 2550 1211 2594 a,
1239 2545 1292 2583 et
1320 2532 1484 2585 Paris.
1515 2548 1603 2583 co-

575 2613 756 2666 dicum
807 2610 1133 2663 auctoritatb.
1183 2610 1338 2662 Prius
1393 2610 1601 2662 ullarum

576 2694 881 2762 legebatur3
909 2683 1458 2743 Pintianus‘ve‘nearum
1493 2708 1603 2742 ma·

577 2773 739 2825 lebat.
774 2769 972 2822 Villam
1002 2786 1104 2840 pro
1141 2770 1292 2822 vinea
1335 2768 1603 2822 diminute

577 2849 782 2904 dictum
817 2867 848 2901 a
876 2850 1054 2901 Plinio
1076 2849 1422 2919 suspicamur,
1457 2846 1603 2919 quod

578 2932 652 2983 ita
674 2930 881 3001 exigere
905 2926 1263 2998 Theophrasti
1289 2927 1437 2980 locus
1459 2928 1608 2981 vide-

579 3024 686 3064 tur.
718 3008 807 3061 Sic
828 3007 972 3060 enim
1003 3008 1125 3070 ille,
1149 3008 1283 3061 Hist.
1312 3008 1486 3061 Plant.
1503 3010 1606 3072 IV,

584 3108 704 3159 cap.
739 3094 770 3141 5
793 3106 808 3139 :
831 3088 1094 3140 Φυτεὺουσι
1120 3083 1180 3138 δῦ
1201 3089 1248 3140 ἐν
1278 3091 1380 3149 τοῖς
1411 3084 1605 3149 πεδίοις

588 3170 706 3223 αὐτὸ
746 3174 862 3219 κατ’
898 3168 1083 3236 ὄρχους·
1131 3162 1210 3218 διὸ
1243 3167 1326 3219 καὶ
1365 3168 1605 3239 πόρῤωθιν

583 3250 820 3319 ἀφορῶσιν
845 3246 1064 3318 ἄμπελοι
1081 3247 1351 3315 φαίνονται.
1383 3246 1611 3299 «Seruu-

583 3340 671 3381 tur
723 3328 782 3378 in
822 3325 1025 3394 campis
1063 3325 1351 3377 ordinatim
1381 3346 1394 3379 :
1422 3342 1608 3396 quam·

587 3408 774 3460 obrem
809 3407 1014 3457 eminus
1055 3405 1395 3457 cernentibus
1439 3406 1609 3459 vineae

589 3483 701 3540 e‘sse
726 3484 1144 3538 existimantur.-
1182 3474 1378 3537 lium.-

666 3566 820 3618 xlv.
855 3564 996 3637 1.2P.
1023 3582 1142 3614 vero
1164 3582 1270 3635 quoe
1292 3582 1346 3634 p.
1369 3566 1607 3633 gignunt,

585 3656 684 3698 etc.
739 3645 972 3697 Plinium
1018 3644 1320 3697 transcribit
1361 3643 1571 3697 Solinus
1588 3684 1603 3705 ‚

587 3743 633 3777 c.
659 3741 760 3776 ut.
791 3724 1350 3795 Ilum—Quanquam
1375 3726 1426 3775 in
1441 3725 1613 3789 fronte

591 3803 822 3866 Cauca-si,
847 3814 949 3855 etc.
975 3803 1178 3854 Eorum
1209 3821 1374 3873 porro
1399 3803 1605 3875 opinio,

585 3883 678 3951 qui
728 3878 993 3934 tradidere
1053 3880 1208 3952 piper
1250 3882 1306 3933 in
1357 3900 1417 3935 ea
1462 3894 1613 3955 parte

588 3962 806 4015 Caucasi
845 3978 966 4031 quae
1005 3961 1203 4012 solibus
1229 3964 1472 4033 opposita
1501 3975 1611 4027 est,

585 4055 797 4096 tantum
826 4039 997 4111 gigni,
1037 4056 1256 4109 prorsus
1292 4040 1456 4094 hodie
1485 4042 1613 4093 falsa

523 4134 527 4137 ’
584 4120 1020 4192 deprehenditur.
1042 4119 1212 4173 Snus.
1236 4150 1315 4164 —
1343 4122 1422 4174 De
1457 4121 1610 4192 pipe-

1679 1577 1830 1630 ribus
1848 1615 1864 1643 ,
1895 1572 2194 1646 zingiberi,
2234 1586 2282 1627 et
2318 1570 2387 1625 de
2410 1574 2591 1645 planta
2620 1592 2713 1639 ea,

1680 1673 1798 1727 quae
1850 1656 2023 1709 Plinio
2065 1654 2223 1727 piper
2274 1653 2513 1706 italicum
2564 1654 2669 1705 fuit
2696 1694 2715 1719 ,

1680 1736 2020 1805 Dalecampio
2047 1746 2221 1786 autem
2238 1734 2353 1784 Isou
2366 1738 2585 1802 m'gmm,
2616 1732 2714 1785 de·

1680 1816 1940 1885 scriptum
1968 1814 2033 1865 ab
2060 1831 2127 1865 eo
2151 1814 2208 1868 in
2226 1812 2360 1865 Hist.
2376 1814 2675 1883 plantarum
2695 1852 2713 1880 ,

1680 1894 1805 1949 vide
1820 1896 1947 1948 Exc.
1966 1894 2045 1946 IV
2064 1891 2130 1945 ad
2151 1893 2347 1945 calcem
2364 1893 2479 1965 huj.
2492 1894 2589 1946 lib.
2604 1894 2714 1948 En.

1768 1994 1820 2028 a.
1842 1974 1942 2026 Hoe
1958 2012 1975 2037 ,
1997 1976 2279 2044 priusquam
2303 1974 2580 2037 dehiscant,
2609 1987 2714 2027 etc.

1684 2054 1903 2125 Siliquae
1960 2052 2217 2105 nimirum
2240 2090 2256 2117 ,
2314 2054 2511 2123 quibus
2558 2054 2718 2125 piper

1683 2134 2002 2187 continetur.
2032 2134 2155 2185 Fuit
2178 2132 2291 2185 haec
2316 2134 2571 2185 Veterum
2595 2134 2719 2205 opi-

1684 2214 1806 2275 nio,
1844 2215 1999 2283 piper
2042 2225 2164 2264 ante
2206 2213 2562 2265 maturitatem
2606 2214 2722 2265 col-

1686 2294 1880 2344 lectum
1899 2332 1912 2353 ,
1950 2290 2239 2344 candidum
2262 2308 2371 2343 esse
2395 2309 2408 2343 :
2439 2292 2583 2344 idem
2608 2311 2720 2345 ma·

1689 2372 1908 2424 turitate
1938 2372 2251 2443 nigrescere.
2277 2373 2353 2423 Ita
2374 2390 2483 2423 non
2508 2371 2718 2427 Plinius

1692 2450 1880 2512 modo,
1923 2453 2140 2521 ejusque
2184 2451 2533 2522 transcriptor
2574 2452 2719 2504 Soli·

1690 2548 1791 2582 nus
1810 2570 1825 2594 ,
1851 2530 1952 2582 loc.
1979 2530 2068 2583 cit.
2097 2527 2190 2582 sed
2219 2543 2272 2582 et
2302 2531 2478 2583 Diosc.
2508 2531 2602 2583 lib.
2630 2532 2712 2593 11,

1692 2628 1808 2680 cap.
1853 2612 1991 2678 189;
2036 2623 2223 2662 auctor
2260 2608 2389 2662 libri
2421 2610 2489 2663 de
2526 2610 2716 2682 Simpl.

1694 2688 1887 2765 medic.
1916 2686 1985 2743 ad
2006 2690 2215 2742 Patern.
2245 2691 2387 2742 inter
2414 2708 2576 2763 opera
2607 2690 2719 2743 Ga·

1694 2770 1824 2831 leni,
1848 2782 1974 2821 tom.
2002 2768 2155 2833 XIII,
2174 2787 2295 2839 pag.
2320 2769 2719 2839 9973Galenus

1695 2848 1827 2920 ipse,
1852 2849 1945 2901 lib.
1966 2849 2128 2903 VIII,
2156 2848 2493 2917 Simplicium
2520 2848 2717 2903 medic.

1694 2946 1815 2999 pag.
1843 2946 1973 2995 217,
2002 2928 2215 2999 aliique.
2256 2928 2302 2979 E
2332 2928 2720 2981 recentioribus

1697 3022 1885 3061 contra
1908 3007 2137 3072 Clusius,
2161 3007 2344 3058 Arom.
2361 3006 2454 3060 lib.
2485 3009 2531 3071 1,
2554 3028 2600 3060 c.
2629 3028 2719 3071 aa,

1696 3105 1812 3158 pag.
1848 3089 1952 3140 182
1974 3127 1989 3151 ,
2021 3100 2073 3139 et
2098 3086 2185 3138 alii
2217 3088 2354 3139 bene
2378 3087 2565 3151 multi,
2596 3089 2722 3159 qui-

1696 3166 1796 3219 hus
1817 3166 2099 3220 Salmasius
2120 3164 2284 3230 favet,
2306 3171 2454 3220 Nott.
2474 3168 2527 3219 in
2548 3166 2718 3219 Solin.

1696 3264 1813 3317 pag.
1838 3251 2004 3309 1026,
2028 3244 2120 3296 ubi
2141 3245 2379 3297 Clusium
2396 3246 2719 3313 transcribit,

1698 3324 1929 3379 diversas
1961 3325 2066 3377 albi
2094 3342 2153 3377 ac
2180 3326 2322 3395 nigri
2344 3326 2540 3397 piperis
2570 3326 2720 3399 plan-

1698 3418 1775 3457 tas
1809 3423 1919 3457 esse
1952 3417 2298 3469 censuerunt,
2327 3404 2405 3457 uti
2442 3406 2563 3458 vitis
2586 3408 2723 3460 albas

1698 3502 1759 3537 nc
1808 3484 1996 3555 nigrae.
2058 3484 2287 3556 Utrique
2332 3484 2617 3537 Saracenas
2664 3486 2721 3539 in

1696 3564 1837 3617 notis
1859 3564 1925 3616 ad
1950 3564 2128 3617 Diosc.
2152 3563 2580 3635 experientiaque
2606 3566 2721 3637 ipsa

1698 3642 2007 3696 adversatur
2028 3662 2045 3693 τ
2068 3655 2271 3694 constat
2298 3644 2441 3695 enim
2468 3646 2619 3715 piper
2643 3645 2723 3696 al·

1698 3724 1827 3775 bum
1849 3758 1865 3785 ‚
1918 3718 2063 3793 quod
2122 3719 2189 3773 ad
2244 3740 2341 3775 nos
2390 3724 2723 3790 convehitur,

1699 3803 1875 3873 ipsum
1904 3803 2059 3871 piper
2096 3801 2308 3871 nigrum
2348 3820 2486 3864 esse,
2518 3804 2725 3857 cortice

1700 3900 1797 3933 suo
1846 3880 2001 3952 nigro
2046 3898 2345 3952 rugosoque
2385 3883 2669 3954 spoliatum
2703 3900 2719 3936 ε

1699 3980 1807 4032 quo
1848 3962 2044 4014 cortice
2085 3960 2323 4014 nudatur
2360 3974 2507 4023 tum,
2554 3980 2725 4033 quum

1698 4040 1797 4094 soli
1842 4041 2111 4111 obJectum
2160 4053 2409 4093 torretur.
2458 4034 2722 4113 :Longum

1698 4138 1828 4175 vero
1865 4121 2023 4191 piper
2044 4138 2071 4172 a
2096 4118 2328 4174 rotundo
2358 4120 2625 4175 diversum
2662 4122 2719 4175 in
