2984 5009
1056 482 1368 548 LIBER
1421 482 1628 547 XVI.
2273 476 2418 547 603

240 608 625 679 medullam
656 610 854 706 aliqui
875 636 1011 680 non
1039 611 1356 683 inutiliter
1384 612 1769 707 relinquunt
1788 666 1808 699 ,
1829 626 1904 681 ut
1919 614 2142 682 omnis
2175 612 2424 682 humor

242 718 599 787 stantibus
642 717 909 787 defluat.
954 720 1208 787 Mirum
1256 719 1437 815 apud
1465 722 1517 747 ²⁰
1549 720 1858 813 antiquos
1908 722 2128 814 primo
2169 722 2423 791 Punico
2460 738 2494 796 4

238 820 440 892 bello
478 823 755 895 classem
788 824 1019 894 Duillii
1060 827 1479 921 imperatoris
1521 827 1608 895 ab
1641 826 1884 897 arbore
1927 828 2142 896 excisa
2186 850 2280 897 Lx
2317 826 2426 896 die

240 932 639 1025 navigasse.
696 934 952 1002 Contra
1005 956 1163 1001 vero
1229 934 1657 1003 Hieronem²¹
1698 958 1921 1027 regem
1970 956 2160 1003 ccxx
2222 958 2428 1003 naves

242 1036 549 1107 effectas
574 1038 806 1108 diebus
830 1062 973 1109 va
996 1038 1199 1108 tradit
1220 1042 1297 1110 L.
1329 1042 1502 1110 Piso.
1533 1039 1844 1110 Secundo
1876 1064 2142 1134 quoque
2173 1042 2428 1109 Punico

248 1141 451 1212 bello
469 1196 489 1227 ‚
508 1146 833 1240 Scipionis
854 1147 901 1173 ²²
924 1144 1151 1215 classis
1182 1170 1279 1215 xr.
1306 1147 1411 1217 die
1442 1172 1481 1217 a
1509 1149 1723 1217 securi
1753 1148 2113 1242 navigavit.
2133 1148 2426 1216 Tantum

240 1254 751 1345 tempestivitas
786 1254 983 1321 etiam
1020 1254 1089 1321 in
1128 1254 1361 1348 rapida
1392 1254 1728 1323 celeritate
1769 1250 2011 1349 pollet!

261 1378 269 1388 ’
366 1360 655 1428 LXXV.
696 1361 869 1429 Cato
910 1358 1261 1429 hominum
1296 1386 1598 1431 summus
1634 1363 1702 1429 in
1734 1364 1918 1430 omni
1953 1386 2116 1446 usu,
2157 1360 2240 1429 de
2285 1385 2422 1430 ma-
2466 1391 2490 1427 ι

254 1466 459 1534 teriis
492 1463 637 1535 haec
658 1465 887 1559 adjicit
914 1490 929 1533 ε
962 1494 997 1530 c<
1022 1464 1288 1535 Prelum
1308 1465 1326 1490 ¹
1356 1492 1393 1537 e
1423 1470 1656 1564 sapino
1684 1482 1828 1537 atra
1865 1469 2283 1564 potissimum
2320 1467 2427 1535 fa-

252 1572 411 1641 cito
440 1597 457 1639 :
498 1570 822 1659 ulmeam,
857 1573 1157 1666 pineam,
1198 1599 1479 1643 nuceam
1509 1602 1524 1643 ε
1563 1576 1739 1644 hanc
1769 1590 1969 1671 atque
1997 1574 2194 1644 aliam
2228 1589 2430 1645 mate-

246 1680 437 1747 riam
471 1703 741 1747 omnem
769 1704 977 1773 quum
1004 1678 1316 1768 effodies,
1340 1680 1498 1750 luna
1529 1680 1952 1752 decrescente
1975 1683 2247 1751 eximito
2276 1696 2432 1777 post

246 1784 654 1871 meridiem,
688 1788 829 1854 sine
854 1800 1055 1855 vento
1084 1790 1344 1857 Austr0.
1372 1792 1564 1858 Tunc
1588 1793 1714 1858 erit
1735 1786 2164 1883 tempestiva'
2173 1842 2192 1875 ‚
2217 1814 2426 1882 quum

246 1916 497 1960 semen
536 1916 730 1961 suum
762 1906 1103 1961 maturum
1137 1896 1301 1981 erit3
1350 1910 1717 2025 cavetoque
1758 1919 1843 1963 ne
1884 1918 2005 1989 per
2035 1920 2256 1963 rorem
2295 1909 2426 1963 tra-

250 1998 418 2085 1133,
438 2012 557 2067 aut
575 1996 778 2067 doleS.
794 2028 829 2063 >2
857 1999 1178 2093 Idemque
1200 1985 1383 2069 ῐηοκ3
1407 2003 1638 2071 (ειΝίεί
1667 1988 2093 2071 intermestri⁴
2098 2000 2430 2096 ‚lunaque

250 2104 654 2189 dimidiata,
684 2130 768 2173 ne
798 2120 1031 2200 tangas
1068 2109 1437 2176 materiem.
1466 2110 1660 2177 Tunc
1690 2133 1774 2175 ne
1805 2106 2084 2177 effodias
2115 2123 2233 2177 aut
2259 2134 2428 2204 prae-

250 2211 450 2281 cidas
507 2210 625 2281 abs
670 2226 867 2281 terra.
918 2212 1175 2283 Diebus
1220 2199 1514 2309 septem⁵
1567 2215 1915 2309 proximis,
1971 2214 2211 2309 quibus
2271 2214 2428 2284 luna

251 2422 357 2477 aed
380 2423 601 2476 arbores
619 2459 636 2486 ‚
656 2442 775 2495 quae
805 2422 1112 2489 caeduntur,
1132 2442 1308 2497 usque

253 2502 329 2557 ad
360 2500 661 2556 medullam
690 2504 963 2556 securibus
983 2504 1191 2570 recisas,
1212 2506 1307 2558 ali-

1394 2425 1748 2495 victoriaeque
1795 2424 2119 2478 celeritatem
2151 2442 2430 2477 commen-

1398 2504 1544 2557 davit
1572 2506 1763 2557 Florus
1791 2504 1912 2557 loco
1939 2505 2118 2557 citato.
2141 2504 2308 2557 Hiero
2329 2505 2430 2557 sub

254 2581 531 2656 quamdiu
560 2596 697 2637 stare
726 2583 975 2654 patieris-³,
1016 2596 1075 2636 ut
1100 2602 1198 2655 per
1223 2604 1309 2638 eas
1396 2582 1614 2637 initium
1646 2583 1808 2655 primi
1833 2584 2024 2637 Punici
2051 2584 2180 2637 beni
2207 2586 2378 2637 victus
2399 2604 2430 2637 a

254 2676 447 2736 partes
470 2663 694 2728 humor,
720 2663 765 2715 si
791 2664 908 2734 quis
928 2664 981 2715 in
1006 2664 1156 2717 venis
1179 2684 1308 2717 con·

258 2745 497 2806 tinctur,
528 2756 794 2796 excurrat.
815 2769 838 2790 ι
876 2743 1065 2796 Han.

352 2842 446 2876 ὀ.
471 2822 653 2875 Mirum
676 2824 825 2893 apud.
852 2822 1043 2875 Florus
1060 2858 1077 2884 ‚
1104 2824 1197 2877 lib.
1218 2824 1306 2887 11,

257 2922 391 2976 cap.
424 2922 453 2955 π
472 2941 488 2967 ,
518 2921 641 2973 pag.
692 2909 761 2967 4²
794 2920 807 2954 :
832 2924 853 2946 ι
872 2903 1079 2956 Duillio
1099 2904 1306 2957 Corne-

257 2986 456 3054 lioque
496 3001 625 3035 coss.
676 2983 833 3035 etiam
878 2983 1012 3035 mari
1053 2983 1309 3053 congredi

258 3064 511 3137 populus
546 3082 798 3115 romanus
826 3082 982 3116 ausus
1024 3076 1117 3116 est.
1166 3064 1309 3115 Tum

262 3142 493 3217 quidem
540 3141 653 3214 ipsa
680 3144 927 3197 velocitas
958 3144 1137 3196 classis
1162 3162 1309 3196 com-

264 3236 475 3297 ματαίω
503 3223 799 3292 auspicium
834 3224 951 3276 fuit.
982 3225 1131 3275 Intra
1165 3224 1311 3275 enim

264 3323 343 3359 m:
386 3301 533 3355 diem
570 3320 728 3373 quam
771 3320 899 3355 caesa
942 3304 1071 3355 silva
1104 3304 1275 3356 fuerat
1292 3340 1309 3367 ‚

270 3402 379 3438 cmc
402 3382 623 3435 navium
650 3382 827 3436 classis
838 3383 893 3435 in
910 3382 1119 3435 ancoris
1138 3384 1307 3436 stetit:

266 3475 334 3518 ut
354 3482 467 3516 non
489 3474 603 3515 arte
620 3462 770 3515 factae
784 3498 801 3526 ‚
828 3462 920 3515 sed
940 3460 1174 3534 quodam
1196 3480 1310 3515 mu·

269 3562 404 3598 nere
444 3542 669 3595 deorum
704 3560 973 3595 conversae
1016 3541 1075 3593 in
1116 3561 1309 3608 naves,

270 3638 437 3697 atque
460 3634 676 3675 mutatae
702 3623 919 3675 arbores
938 3620 1263 3675 viderentur.
1278 3648 1299 3669 ι

272 3704 402 3758 Fuit
434 3703 523 3755 hic
568 3720 740 3755 annus
784 3703 951 3755 Urbis
1002 3702 1113 3771 493
1136 3742 1151 3768 ,
1177 3703 1307 3757 belli

276 3784 469 3837 Punici
498 3781 662 3852 primi
690 3795 909 3853 quartus
936 3801 949 3835 :
980 3784 1170 3854 quinto
1193 3784 1308 3853 pri·

274 3882 397 3917 mus
424 3859 566 3916 idem
582 3862 949 3915 Romanorum
978 3862 1207 3915 Duillius
1224 3882 1311 3916 na·

274 3944 453 3998 valem
479 3941 756 3994 victoriam
776 3940 1000 4012 adeptus
1026 3954 1121 3994 est.
1156 3942 1224 3994 Η.

1396 2664 1652 2717 Romanis
1668 2704 1684 2729 ‚
1705 2665 1966 2717 victorum
2000 2664 2054 2716 in
2081 2678 2258 2734 partes
2284 2678 2431 2736 post-

1397 2762 1457 2797 ea
1488 2745 1881 2816 amicitiamque
1909 2746 2135 2797 transiit.
2163 2746 2348 2799 Hinn.

1484 2845 1514 2878 π
1526 2844 1578 2878 2.
1602 2825 1858 2895 Scipionis.
1871 2825 2106 2879 Africani
2129 2824 2337 2897 prioris.
2353 2826 2426 2879 H.

1478 2906 1704 2959 LXXV.
1759 2923 1808 2958 ι.
1838 2904 2036 2957 Prelum
2079 2927 2105 2957 e
2131 2910 2318 2977 supino.
2351 2908 2430 2961 lta

1396 3004 1543 3038 nunc
1571 2987 1734 3046 Cato,
1783 3004 1898 3057 cap.
1945 3004 2107 3051 xxxx,
2151 3004 2274 3058 pag.
2307 3006 2428 3056 29:

1406 3089 1428 3112 α
1451 3065 1666 3118 Prelum
1697 3084 1726 3117 e
1749 3067 1936 3136 supino
1957 3078 2070 3118 atra
2094 3067 2432 3138 potissimum

1400 3144 1564 3197 facito
1593 3163 1607 3197 ε
1650 3158 1740 3197 aut
1772 3146 2002 3197 ulmeam
2024 3185 2041 3209 ,
2067 3160 2158 3199 aut
2186 3148 2430 3217 pineam,

1398 3226 1483 3277 vel
1513 3242 1740 3277 nuceam
1764 3242 1777 3275 ε
1798 3224 1935 3276 hanc
1955 3237 2116 3295 atque
2141 3226 2299 3277 aliam
2323 3244 2432 3279 ma·

1399 3304 1586 3357 teriem
1629 3322 1842 3356 omnem
1889 3322 2056 3375 quum
2103 3303 2368 3371 effodies,
2399 3332 2422 3355 a·

1400 3398 1718 3454 caeteraque,
1747 3395 1807 3435 ut
1831 3384 2050 3435 Plinius.
2081 3384 2266 3437 Hanno.

1415 3493 1423 3503 -
1488 3482 1540 3517 2.
1583 3466 1721 3517 Tunc
1741 3466 1836 3515 erit
1867 3466 2153 3534 tempestiva.
2184 3462 2352 3529 Cato,
2377 3484 2434 3519 ce

1394 3561 1543 3608 xva,
1565 3557 1617 3596 et
1647 3561 1810 3606 xxxx,
1841 3562 2049 3597 xxxvu.
2079 3544 2280 3597 Damae.

1482 3622 1537 3678 3.
1562 3624 1784 3693 Idemque
1806 3642 1934 3675 mox.
1959 3623 2091 3694 Cap.
2120 3624 2212 3693 37.
2236 3626 2306 3679 Η.

1480 3710 1534 3767 4.
1579 3704 2253 3769 Intermestre'.1merlunio,
2285 3718 2338 3759 et
2369 3704 2426 3757 in

1396 3784 1542 3836 coitu
1572 3784 1730 3835 lunae.
1769 3784 1955 3836 Hum.

1482 3864 1534 3917 5.
1569 3864 1755 3915 Diebus
1775 3876 1969 3933 septem.
1991 3864 2056 3915 In
2077 3862 2230 3916 libris
2252 3862 2429 3917 hacte-

1393 3962 1496 3996 nus
1538 3942 1729 4005 editis,
1768 3942 1961 4013 legitur
2001 3943 2167 3997 diebus
2215 3955 2426 4015 quatuor

364 4044 393 4077 2
408 4042 457 4075 1.
486 4022 691 4076 Contra.
709 4060 721 4073 .
744 4062 759 4073 .
778 4020 1053 4074 Hier-onem.
1073 4021 1303 4091 Syracu·
1385 4026 1642 4093 proximis.
1665 4025 1731 4075 In
1753 4023 1907 4077 MSS.
1929 4024 2060 4094 Reg.
2089 4042 2112 4076 1
2138 4062 2154 4087 ‚
2179 4042 2206 4075 2
2227 4062 2243 4087 ‚
2265 4023 2420 4077 Colb.

279 4120 457 4157 nrum
500 4120 697 4172 regem.
734 4100 857 4172 Egit
901 4100 969 4155 dc
996 4102 1099 4155 hoc
1126 4102 1300 4170 bello,

1390 4104 1604 4157 Thuan.
1635 4116 1686 4158 et
1726 4103 1842 4157 aliis
1883 4103 2048 4156 diebus
2094 4122 2148 4157 ιν
2169 4106 2424 4174 proximis.
