2984 5009
586 804 650 855 ιδ

690 445 832 537 ²94

1228 441 1703 511 C.P1,1N11
1750 442 1965 511 ΝΑΤ.
2018 441 2283 509 HIST.

687 573 872 647 Dixit
893 570 1209 669 Virgilius
1227 562 1279 611 ⁸⁴
1305 572 1617 661 Thasias‚
1642 587 1712 643 et
1743 574 2182 661 MareotidaS,
2214 586 2286 643 et
2318 572 2601 670 Lageas,
2638 596 2791 644 coin·

686 681 1048 778 pluresque
1081 694 1420 767 externas,
1446 706 1593 776 quae
1619 705 1755 750 non
1791 686 2213 778 reperiuntur
2244 682 2313 749 in
2346 679 2555 751 Italia.

792 787 923 857 Sed
979 802 1132 857 sunt
1178 790 1537 858 etiamnum
1574 789 1862 883 insignes
1910 813 2075 874 uva,
2136 812 2273 857 non
2316 788 2508 872 vino,
2552 787 2789 855 ambro·

690 894 902 980 siam,
919 884 1303 965 duracina²⁵
1309 946 1328 981 ,
1357 896 1497 965 sine
1532 893 1679 964 ullis
1712 884 1945 964 vasis¹⁶
1968 897 2036 966 in
2070 897 2205 963 vite
2226 893 2604 963 servabilis:
2636 906 2789 961 tanta

691 1015 791 1071 est
827 1016 1058 1071 contra
1110 1000 1389 1096 frigora,
1437 1015 1669 1087 aestuS,
1717 1015 2269 1115 tempestatesque
2308 995 2619 1071 firmitas!
2670 1001 2791 1069 Nec

693 1106 1182 1203 orthampelos²
1189 1108 1480 1203 ⁷indiget
1508 1107 1784 1197 arbore,
1820 1122 1936 1178 aut
1963 1092 2195 1203 palis,
2178 1131 2319 1203 ipsa
2354 1132 2422 1177 se
2458 1108 2789 1177 sustinens.

689 1240 826 1284 non
867 1216 1027 1285 item
1067 1214 1428 1307 dactylides
1464 1213 1717 1309 digitali
1756 1214 2141 1309 gracilitate.
2190 1212 2609 1285 Columbinoe
2640 1236 2675 1281 e
2706 1236 2791 1280 ra·

689 1322 1148 1391 cemosissimis
1168 1312 1220 1351 ²⁸

1264 1348 1279 1392 ε
1327 1334 1396 1391 et
1438 1323 1648 1417 magis
1707 1347 2060 1417 purpureae
2108 1322 2505 1417 cognomine
2546 1320 2792 1388 bimam·

687 1428 834 1497 mioe
858 1429 932 1514 ²⁹,
958 1426 1226 1522 quando
1268 1452 1404 1497 non
1441 1452 1741 1526 racemos
1763 1480 1784 1514 ‚
1812 1428 1926 1498 sed
1958 1450 2127 1497 uvas
2160 1428 2318 1497 alias
2350 1442 2608 1525 gerunt.
2645 1429 2792 1495 Item

721 1660 736 1671 .
767 1623 861 1682 ²⁴·
899 1616 1050 1669 Dixit
1079 1616 1334 1687 Virgilius.
1372 1617 1569 1689 Geor-g.
1612 1616 1711 1673 lib.

688 1697 780 1765 11,
823 1715 876 1750 v.
899 1716 969 1767 9¹
1008 1713 1024 1749 ι
1073 1717 1096 1741 ι
1131 1696 1268 1750 Sunt
1297 1698 1507 1751 Thasiae
1539 1698 1673 1751 vites
1696 1734 1714 1765 ,

687 1790 809 1830 sunt
826 1790 879 1830 et
895 1776 1214 1830 Mareotides
1235 1778 1398 1829 albae:
1420 1777 1715 1848 Pinguibus

687 1857 770 1910 ho
789 1856 943 1909 terris
965 1855 1194 1920 habiles,
1235 1856 1529 1911 levioribus
1560 1858 1665 1911 ino
1696 1876 1711 1911 :

688 1948 743 1991 et
765 1954 920 2008 passo
951 1936 1161 2009 Psythia
1186 1936 1366 1989 utilior
1382 1974 1396 1995 .
1431 1937 1714 2009 tenuisque

687 2018 891 2087 Lageos
910 2018 1197 2069 Tentatura
1218 2015 1380 2088 pedes
1413 2016 1545 2069 olim
1561 2056 1575 2078 ,
1602 2018 1717 2069 vin-

685 2108 939 2167 cturaque
954 2096 1206 2167 linguam.
1225 2120 1248 2141 ι·
1281 2096 1476 2149 Thasae’oe
1496 2096 1629 2149 vites
1647 2097 1715 2149 ab

688 2176 859 2229 insula
900 2176 1078 2229 Thaso
1127 2195 1326 2230 nomen
1363 2177 1564 2229 habent
1584 2216 1600 2241 ,
1646 2174 1715 2247 ἇς

689 2256 914 2329 qualib.
948 2255 1031 2308 IV
1051 2294 1066 2321 ,
1097 2275 1214 2327 cap.
1251 2255 1349 2320 ²33
1381 2256 1676 2309 Mareotides
1698 2295 1714 2320 ,

687 2337 755 2391 ab
773 2336 1020 2408 AEgyptia
1047 2334 1244 2407 palude
1264 2336 1583 2405 cognomine
1598 2370 1615 2398 ‚
1655 2348 1715 2390 ut

689 2428 829 2469 recte
851 2416 1042 2468 Strabo
1075 2415 1169 2468 lib.
1193 2416 1388 2479 XVII,
1409 2433 1527 2486 pag.
1558 2420 1669 2485 796
1693 2454 1705 2474 .

688 2508 740 2549 et
754 2495 1068 2550 scholiastes
1084 2507 1231 2547 vetus
1245 2494 1454 2547 Horatii
1468 2493 1561 2557 ,ad
1579 2494 1713 2548 illud

687 2576 819 2630 vatis
847 2577 960 2647 ejus
986 2592 1197 2627 carmen
1214 2611 1230 2637 ‚
1255 2574 1351 2626 lib.
1374 2575 1434 2637 1,
1461 2571 1567 2627 Od.
1606 2574 1713 2645 37:

687 2677 710 2700 c
731 2655 1078 2725 Mente-mque
1099 2653 1429 2725 lymphatam
1455 2653 1711 2707 Mareoti-

683 2752 751 2788 co
763 2773 778 2799 ,
793 2747 893 2788 etc.
904 2760 930 2781 n
949 2735 1139 2803 Lageas
1155 2732 1394 2804 denique
1407 2733 1715 2787 Macrobius

685 2832 902 2885 quoque
934 2812 1300 2877 commendat,
1331 2813 1436 2866 Sat.
1474 2813 1571 2866 lib.
1615 2814 1713 2879 ΙΙ,

685 2910 802 2965 cap.
855 2894 922 2945 16
958 2931 975 2958 ,
1017 2911 1137 2964 pag.
1176 2894 1287 2963 379
1322 2910 1335 2943 :
1387 2914 1409 2937 ι
1441 2888 1607 2959 Quod
1640 2892 1709 2946 ad

686 2972 1042 3025 maturitatem
1083 2984 1300 3024 currant
1335 2972 1587 3025 velociter
1605 3012 1622 3037 .,
1652 2986 1713 3026 ut

688 3051 865 3123 lepus,
897 3078 919 3099 ι
955 3047 1124 3103 dictas
1146 3064 1296 3123 putat
1332 3050 1527 3105 Isidor.
1559 3052 1710 3125 Orig.

685 3131 781 3184 lib.
807 3130 971 3183 XVII
990 3166 1007 3193 ‚
1038 3149 1084 3183 c.
1118 3130 1169 3184 ⁵.
1202 3135 1247 3184 A
1273 3132 1450 3185 colore
1463 3132 1712 3204 leporino

685 3210 776 3265 alii
803 3210 1220 3283 appellationem
1260 3223 1525 3282 repetunt.
1557 3211 1623 3265 H.

767 3290 864 3346 25.
895 3290 1171 3345 Dat-acina.
1223 3293 1304 3345 De
1357 3310 1422 3345 ea
1471 3290 1709 3346 diximus

686 3370 1309 3505 “ffngmtisAE-wk·
1345 3450 1560 3515 Quibus
1584 3470 1711 3504 con-

563 3538 568 3543 “
682 3526 873 3584 dendis
917 3551 1026 3585 non
1057 3534 1136 3583 e'st
1166 3530 1302 3583 vasis
1331 3548 1497 3603 opus,
1541 3550 1708 3621 quum

682 3610 738 3663 in
768 3610 880 3682 ipsa
911 3611 1018 3664 vite
1047 3606 1326 3663 commode
1357 3622 1706 3666 asserventur.

681 3690 890 3756 Quibus
941 3692 998 3743 in
1045 3690 1178 3742 vasis
1237 3688 1460 3742 doliisve
1512 3692 1711 3744 servari

683 3787 808 3823 uvas
835 3786 951 3822 mos
993 3769 1122 3822 olim
1166 3769 1328 3821 fuerit
1339 3807 1358 3832 ‚
1407 3768 1619 3824 dicetur
1643 3772 1705 3823 li·

679 3850 782 3904 bro
808 3868 917 3921 seq.
947 3866 1064 3921 cap.
1095 3849 1186 3903 18.
1213 3849 1395 3902 Haan.

761 3947 851 4000 27.
899 3928 1008 3984 Nec
1043 3928 1378 3999 orthampelos.
1427 3928 1545 3983 Hoc
1586 3942 1700 3995 est,

680 4008 800 4063 vitis
827 4023 1002 4064 erecta
1020 4044 1040 4073 ,
1067 4008 1177 4062 sive
1207 4020 1472 4075 surrecta,
1506 4008 1575 4063 de
1599 4028 1707 4082 qua

679 4104 800 4158 sup.
827 4106 942 4159 cap.
961 4086 1059 4141 ubi
1080 4098 1135 4141 et
1151 4086 1224 4140 de
1239 4086 1512 4159 dactylides
1534 4126 1553 4153 0
1583 4106 1706 4161 qua

1798 1617 1998 1672 Graeeis
2052 1614 2307 1679 δακτυλῖς.
2358 1617 2610 1689 Dactylos
2667 1627 2796 1669 vocat

1798 1698 2093 1751 Columella
2109 1736 2126 1763 ,
2151 1698 2249 1751 lib.
2270 1698 2386 1763 111,
2406 1717 2454 1751 c.
2482 1718 2509 1749 a
2526 1737 2545 1765 ,
2572 1716 2625 1769 p.
2645 1696 2793 1752 83³1,

1884 1782 1974 1833 28.
2010 1772 2309 1831 Columbina
2354 1798 2382 1829 e
2425 1778 2791 1829 racemosissimis.

1797 1859 1897 1912 Gt·
1928 1870 1983 1911 et
2014 1858 2097 1910 Al.
2135 1857 2437 1913 Columbina
2472 1861 2793 1910 acinosisst'mae.

1800 1970 1879 1980 -
1900 1938 2275 1991 Acinosa'sse'moe-
2324 1938 2459 1991 Uvoe
2490 1939 2730 2008 majores,
2753 1948 2796 1988 et

1800 2018 2142 2071 crassioribus
2186 2015 2349 2070 acinis
2378 2036 2394 2071 :
2422 2017 2615 2070 racemi
2654 2016 2797 2068 mino-

1798 2115 1883 2151 res
1898 2136 1915 2161 ,
1946 2109 1997 2149 et
2020 2096 2352 2151 tenuioribus
2365 2116 2381 2163 3
2403 2096 2497 2169 qui
2522 2098 2627 2151 fere
2649 2114 2675 2147 a
2697 2094 2795 2146 vin·

1800 2174 2090 2231 demiatore
2108 2178 2207 2230 sub
2236 2177 2501 2249 pampinis
2526 2178 2731 2229 latentes
2753 2184 2795 2226 et

1804 2256 2046 2309 fallentes
2073 2257 2469 2328 relinquuntur.
2498 2250 2687 2309 Grecis
2712 2256 2796 2307 im·

1800 2333 2021 2406 φυλλίδες
2070 2355 2085 2389 :
2132 2336 2260 2389 inde
2298 2336 2602 2390 racematio.
2646 2334 2795 2387 Turn.

1800 2416 1893 2468 lib.
1938 2408 2122 2481 XXV,
2151 2435 2268 2488 cap.
2321 2420 2411 2471 26.
2441 2418 2638 2469 Daue.
2662 2446 2731 2457 ---
2752 2412 2795 2465 E

1800 2498 2197 2549 racemosissimis.
2212 2494 2292 2549 Ita
2308 2496 2459 2550 MSS.
2483 2496 2791 2565 omnes,Reg·

1800 2574 1959 2641 qub.
1986 2577 2092 2629 Th.
2122 2588 2225 2628 etc.
2255 2572 2437 2628 Hsan.

1884 2674 1972 2724 ²9·
2001 2656 2076 2707 Et
2099 2658 2255 2725 magis
2272 2675 2529 2726 purpurea
2552 2656 2795 2724 cognomine

1798 2732 2099 2789 bimammioe.
2130 2733 2436 2807 Legendum
2466 2734 2715 2796 arbitror,
2736 2732 2797 2784 Ee

1798 2819 1953 2884 magis
1972 2834 2229 2885 purpurea·
2244 2818 2521 2885 cognomine
2537 2814 2795 2869 bibammim

1796 2892 1903 2947 hoc
1916 2908 1991 2947 est
2006 2894 2265 2965 ,duplicis
2290 2894 2567 2949 tinctura·
2592 2906 2647 2947 ut
2669 2890 2798 2943 diba-

1797 2973 1903 3045 pha
1928 2992 2202 3045 purpura,
2220 2974 2288 3027 de
2303 2992 2408 3046 qua
2428 2992 2583 3044 supra
2600 2972 2796 3033 Plinius,

1796 3052 2025 3117 lib.1x,
2052 3073 2170 3126 cap.
2202 3057 2317 3123 39:
2360 3052 2558 3105 «Huic
2580 3049 2798 3106 successit

1796 3131 2030 3203 dibapha
2042 3134 2227 3205 Tyria,
2241 3152 2359 3207 quae
2360 3078 2602 3187 ‘inlibras
2613 3128 2795 3183 denarii

1796 3212 1945 3264 mille
1974 3232 2085 3266 non
2114 3226 2327 3285 poterat
2354 3212 2477 3267 emi.
2511 3237 2534 3260 ι
2556 3213 2662 3267 Cur
2680 3227 2793 3262 vem

1796 3290 1951 3345 dicte
1989 3290 2096 3345 sint
2135 3294 2482 3357 Bibammiae,
2512 3290 2651 3345 illico
2688 3290 2795 3343 suh-

1790 3372 1939 3443 jicit,
1978 3372 2126 3443 quod
2167 3386 2354 3446 gerant
2392 3371 2659 3433 diversos,
2698 3368 2794 3421 hoc

1796 3465 1891 3516 est,
1913 3450 2315 3507 diversicolores
2330 3472 2440 3507 non
2462 3468 2699 3509 racemos,
2714 3446 2794 3501 sed

1796 3550 1955 3595 uvas,
2001 3534 2187 3604 quales
2212 3534 2369 3587 etiam
2402 3530 2547 3604 apud
2578 3548 2672 3583 nos
2695 3528 2793 3600 ple·

1792 3610 1973 3683 risque
1996 3612 2049 3665 in
2071 3614 2199 3667 locis
2220 3622 2533 3667 cernuntur.
2555 3612 2794 3664 Pura—-

1793 3691 2113 3747 Bimammioe.
2138 3692 2405 3759 Quoniam
2428 3692 2657 3767 geminas
2678 3702 2793 3741 sem·

1790 3790 1889 3843 per
1912 3788 2039 3825 uvas
2060 3774 2276 3838 ferunt,
2319 3792 2437 3844 quae
2476 3766 2791 3825 crassitudine

1796 3869 2053 3905 mammas
2102 3854 2435 3907 aemulentur.
2478 3849 2681 3905 Eodem
2704 3848 2790 3899 bu·

1792 3930 1949 3984 masti
2014 3932 2258 4003 superius
2310 3930 2603 4005 appellate.
2656 3926 2787 3983 Nota

1793 4009 2025 4083 virgilio
2070 4030 2354 4085 purpureas
2376 4050 2393 4079 ,
2428 4012 2619 4082 Georg.
2652 4010 2683 4061 l.
2708 4006 2753 4058 Π

1790 4108 1843 4143 v.
1872 4090 1968 4143 65.
1994 4090 2177 4145 Hsan.
