2984 5009
862 459 1172 528 LIBER
1233 459 1451 527 x111.
2078 465 2207 548 241

241 595 334 662 LI.
375 591 500 684 Qui
527 593 925 686 navigavere
958 593 1028 659 in
1064 589 1269 660 Indos
1301 588 1657 660 Alexandri
1696 591 1935 663 milites
1949 590 1969 618 ¹
1976 594 2215 683 ‚ston-
2260 629 2283 664 1

165 699 276 768 dem
294 701 674 770 marinarum
704 699 1018 768 arborum
1047 695 1420 767 tradidere
1401 723 1468 766 ιιι
1491 721 1665 792 aqua
1684 699 1960 770 viridem
1987 700 2219 793 fuisse,

94 843 96 862 2
167 820 470 900 exmptam
531 803 668 875 sole
711 807 1014 900 protinus
1063 807 1132 875 in
1189 801 1390 874 salem
1445 819 1877 906 arescentem.
1930 811 1967 876 J
1970 809 2217 880 uncos

165 937 370 1007 quoque
411 911 700 1008 lapideos
739 935 1060 1008 perquam
1101 909 1344 980 similes
1383 912 1557 980 veris
1591 935 1711 1006 per
1746 910 2007 998 littora3
2046 930 2113 985 et
2150 919 2220 985 in

162 1017 260 1088 alto
291 1019 586 1114 quasdam
627 1017 1011 1088 arbusculas
1040 1001 1300 1087 colore³
1336 1015 1567 1085 bubuli
1602 1042 1845 1088 cornus
1886 1044 2181 1093 ramosas
2201 1075 2221 1110 ,

94 1159 97 1194 ;
162 1138 210 1192 et
230 1125 650 1196 cacuminibus
685 1124 1044 1196 rubentes.
1075 1149 1278 1219 quum
1321 1137 1797 1212 tractarentur,
1831 1125 1983 1196 vitri
2020 1129 2223 1200 modo

94 1249 96 1252 ’
161 1228 403 1326 fragiles3
441 1235 512 1302 in
557 1233 711 1328 igne
742 1245 960 1302 autem
1009 1245 1084 1300 ut
1126 1229 1378 1317 ferrum
1424 1229 1945 1320 inardescentes,
1991 1238 2223 1304 restin-

94 1399 96 1414 ‚
163 1338 250 1406 ctis
283 1337 488 1408 colore
525 1363 646 1408 suo
681 1337 1020 1408 redeunte.
1055 1337 1310 1406 Eodem
1353 1351 1568 1406 tractu
1624 1336 1988 1408 insularum
2030 1341 2227 1412 silvas

161 1447 326 1536 operit
361 1461 584 1534 aestuS,
623 1469 998 1539 quanquam
1031 1443 1302 1512 altiores
1343 1431 1663 1538 platanis⁴
1696 1443 2089 1541 populisque
2140 1440 2231 1518 al-

161 1549 384 1621 tissimis.
409 1551 593 1623 Folia
619 1553 698 1620 iis
734 1549 932 1637 lauri,
960 1551 1083 1620 flos
1112 1549 1302 1621 violae
1325 1565 1396 1618 et
1423 1547 1661 1637 odore,
1685 1565 1753 1619 et
1774 1550 2021 1623 colore.
2062 1557 2230 1626 Bac·

94 1697 96 1708 ·
162 1678 254 1740 οε,
280 1672 349 1727 ut
367 1657 528 1728 oleis
541 1643 588 1742 ⁵,
609 1672 677 1726 et
706 1658 862 1752 ipsae
893 1656 1118 1727 odoris
1137 1655 1454 1751 jucundi,
1476 1643 1832 1727 ιιιιίειιιιιιιο6
1860 1675 2231 1747 nascenteS‚

94 1765 96 1816 :
159 1759 285 1832 foliis
322 1789 682 1860 numquam
735 1763 1087 1836 deciduis⁷.
1144 1766 1401 1834 Harum
1449 1765 1736 1834 minores
1786 1778 1960 1836 totas
2002 1769 2237 1863 integit

94 1859 97 1888 ¹
159 1891 314 1938 mare.
340 1873 786 1941 Maximamm
816 1871 1161 1940 cacumina
1189 1883 1486 1957 exstant,
1528 1867 1611 1938 ad
1651 1895 1797 1964 quae
1842 1895 2045 1942 naves
2074 1873 2235 1943 reli-

94 1985 97 2038 }
159 1989 348 2066 gantur
368 2032 389 2065 ‚
409 1993 482 2048 et
515 2001 720 2072 quum
763 1978 1030 2046 recessit
1058 1990 1251 2046 aestus
1273 2029 1294 2064 ,
1327 1972 1411 2043 ad
1445 1975 1717 2045 radices.
1755 1975 1935 2046 Alias
1971 2003 2235 2075 quoque

157 2081 370 2154 arbores
396 2085 464 2154 in
501 2083 637 2153 alto
665 2084 749 2152 ab
776 2082 1018 2153 eisdem
1055 2083 1432 2178 accepimus
1469 2082 1702 2151 eodem
1731 2083 1800 2150 in
1836 2087 2002 2153 mari
2030 2087 2237 2173 visas,

94 2179 96 2200 '
155 2209 362 2284 suuper
395 2191 558 2261 folia
595 2192 951 2259 retinentes
983 2215 996 2258 :
1039 2189 1260 2258 fructu
1301 2211 1529 2256 earum
1562 2186 1791 2282 lupino
1823 2189 2033 2259 simili.

233 2299 356 2365 LII.
388 2299 568 2367 Juba
601 2297 838 2380 tradit,
866 2297 1043 2366 circa
1063 2293 1619 2390 Troglodytarum
1652 2294 1900 2365 insulas
1928 2296 2233 2368 fruticem
2278 2334 2302 2369 1

157 2402 202 2468 in
231 2402 344 2474 alto
381 2405 646 2489 vocari,
690 2401 882 2472 Isidis
917 2404 1168 2473 crinem
1187 2400 1234 2491 ¹,
1269 2394 1542 2472 corallio
1584 2399 1865 2472 similem
1890 2453 1911 2488 ,
1940 2404 2081 2474 sine
2127 2404 2235 2475 fo-

207 2635 278 2691 LI.
311 2657 358 2693 1.
403 2641 515 2710 Qm’
563 2639 845 2707 navigavere
886 2639 935 2688 in
979 2637 1128 2690 Indos
1213 2654 1369 2710 pares
1397 2637 1639 2706 platanis.
1662 2635 2018 2710 Theophrast.
2040 2641 2243 2698 nmo.

153 2715 376 2772 Alauda
391 2720 587 2770 milites.
611 2717 826 2779 Scribo,
865 2715 1017 2782 «Qui
1038 2735 1130 2770 na·
1301 2717 1352 2770 5.
1376 2717 1589 2781 Baccoe,
1622 2729 1679 2768 ut
1693 2717 1826 2770 oleis.
1850 2719 2106 2787 Fructus,
2135 2741 2245 2776 ma-

153 2795 342 2866 'igavere
366 2799 424 2851 iu
461 2797 620 2850 Indis
656 2795 942 2850 Alexandri
986 2797 1129 2848 mili·
1215 2795 1503 2869 guitudine
1528 2795 1703 2849 oliva.
1737 2797 2088 2870 Theophrast.
2109 2807 2245 2875 Kap-

154 2883 256 2928 Β.»
237 2877 704 2950 ΠἸἮωΡΙιι-υτιιο
735 2875 830 2929 lib.
870 2875 974 2941 lv,
1008 2895 1126 2948 cap.
1217 2879 1308 2930 ἀπὸν
1329 2872 1382 2929 δ’
1411 2878 1575 2935 ἡλίκον
1601 2876 1760 2948 (kaie.
1784 2875 1960 2932 Han.

154 2971 208 3020 7:
237 2959 382 3024 ·Qui
409 2975 548 3012 vero
574 2973 640 3010 ex
663 2953 863 3009 Indicis
887 2955 1028 3010 missi
1061 2955 1129 3008 ab
1301 2959 1355 3010 6.
1402 2958 1654 3009 Autumno
1696 2953 1955 3013 tiaseentes.
1996 2959 2155 3014 Flore
2193 2975 2247 3015 et

151 3033 398 3091 Alexandro
439 3037 884 3108 navigaverunt·
927 3034 1134 3106 plantas
1219 3037 1391 3090 fructu
1425 3037 1606 3108 primo
1650 3049 1907 3090 autumno
1953 3054 2199 3095 nascente
2223 3080 2239 3103 ‚
2357 3087 2364 3094 .

150 3117 356 3180 nan-inas,
397 3114 601 3189 quod
585 3133 644 3170 ιιι
665 3132 803 3185 aqua
829 3114 962 3181 sint,
983 3115 1131 3168 colo·
1218 3133 1343 3169 vere
1363 3115 1656 3186 defluente.⁸
1679 3117 1957 3188 Theophr.
1985 3120 2123 3174 Du..

94 3215 96 3222 ·
151 3203 232 3246 teta
261 3197 384 3268 alga
418 3197 644 3250 minuta
681 3194 905 3260 habere,
951 3205 1054 3248 etc.
1101 3219 1123 3241 ι
1301 3213 1355 3265 7.
1418 3196 1693 3266 Numquam
1743 3197 1973 3250 deciduis.
2030 3195 2205 3252 Immo
2228 3239 2244 3264 ,

151 3269 270 3328 Pin.
279 3310 356 3320 —
392 3278 502 3348 Qui
529 3277 829 3344 navigavere.
856 3273 1130 3346 Theophr.
1220 3292 1344 3327 vere
1361 3271 1625 3341 deciduis,
1658 3277 1701 3328 si
1739 3277 2109 3347 Theophrasto
2127 3297 2245 3333 cre-

151 3349 224 3406 Le
237 3354 404 3412 Hm
1221 3353 1428 3421 dimus,
1454 3359 1541 3408 τοῦ
1564 3350 1623 3408 δὲ
1640 3355 1778 3426 ἔαρος
1798 3357 2041 3426 &nobiti-o.
2063 3357 2243 3412 Iliun.

211 3452 251 3486 ι.
273 3437 466 3490 Iuncus.
499 3431 730 3504 Reliqua
743 3430 998 3503 deinceps
1013 3451 1134 3503 quae
1301 3433 1421 3487 LII.
1460 3453 1509 3487 1.
1542 3435 1699 3488 Isidos
1720 3436 1976 3505 placamon
2024 3436 2244 3508 quidam

149 3509 188 3562 'm
213 3513 300 3587 hoc
325 3517 505 3589 capite
542 3513 918 3578 continentur,
949 3512 1132 3565 Theo·
1221 3513 1499 3568 corallium
1530 3533 1639 3568 esse
1666 3515 1887 3580 volunt,
1918 3515 2120 3570 coloris
2144 3537 2245 3588 pu·

147 3589 352 3656 phmtus
369 3595 568 3652 eodem
612 3593 738 3646 loeo
764 3593 920 3646 allato
951 3593 1132 3645 refert.
1221 3593 1390 3658 nicei,
1433 3613 1542 3646 uon
1593 3592 1781 3660 rubri,
1822 3594 1989 3648 oculis
2025 3595 2249 3668 quidem
2362 3653 2367 3658 ,

94 3693 96 3696 >
147 3669 292 3730 Ihm,
1221 3673 1356 3744 grati
1374 3709 1390 3736 ‚
1437 3687 1490 3726 et
1534 3672 1843 3738 arridentis,
1897 3673 1991 3726 sed
2021 3677 2245 3732 minoris

207 3756 250 3808 3.
297 3755 602 3809 Arbuscula-s
654 3753 812 3806 colom
835 3791 851 3814 ‚
913 3762 1015 3804 etc.
1067 3753 1134 3804 In
1221 3753 1380 3830 pretii
1398 3791 1416 3818 ,
1453 3767 1509 3806 et
1526 3753 1883 3819 auctoritatis,
1908 3772 2067 3826 quam
2094 3757 2245 3829 quod

146 3831 412 3902 Adriatico,
433 3851 559 3908 qun
587 3833 882 3886 arbuscula!
901 3849 1130 3885 nascun-
1221 3831 1503 3887 saturatius
1528 3845 1581 3886 et
1606 3834 1819 3906 plenius
1831 3834 2013 3890 rubet.
2032 3835 2244 3891 Horum

147 3921 226 3977 tur,
255 3917 442 3986 glutini
477 3913 696 3970 taurino
725 3912 904 3966 colore
939 3910 1136 3964 similes
1207 3911 1478 3983 ·opinioui
1512 3931 1625 3966 nou
1664 3913 1951 3980 assentior,
1992 3917 2245 3987 quoniam

147 4006 256 4047 tant.
273 3997 404 4050 Du..
1228 3990 1400 4046 Isidos
1420 3993 1692 4064 ploeamos
1715 3993 1965 4064 precisus
1974 3996 2247 4067 nigrescit,

213 4080 256 4136 4.
279 4077 496 4128 Αἰτίαι-ιι
510 4074 748 4144 platanis.
769 4068 1142 4142 magnitudine
1229 4089 1340 4124 non
1367 4084 1543 4126 autem
1564 4071 1622 4125 id
1642 4073 1844 4127 corallii
1867 4092 2048 4146 genus.
2072 4077 2209 4136 Du..

331 4187 413 4253 V.
1892 4179 1984 4250 16
