2984 5009
732 473 886 562 450
1260 474 1336 542 C.
1395 472 1758 542 PLINII
1813 473 2036 542 NAT.
2095 474 2360 542 HIST.

731 608 1032 705 pluribus
1091 606 1341 676 semina
1385 609 1726 700 placeant,
1781 607 1850 674 in
1911 604 2182 700 siliqua'
2243 607 2658 676 damnentur.
2717 605 2838 678 Alia

729 716 993 800 bacciS,
1026 735 1309 807 quarum
1342 713 1522 780 intus
1553 710 1850 842 lignum,
1869 726 1934 782 et
1963 725 2148 782 extra
2177 737 2369 801 carn,
2403 729 2480 783 ut
2507 712 2728 800 olivis,
2751 739 2838 784 ce·

730 824 911 892 rasis.
961 818 1347 913 Aliquorum
1378 819 1556 886 intus
1585 803 1888 905 baccae³,
1929 817 2094 888 'foris
2133 818 2432 914 lignum,
2479 835 2558 890 ut
2591 820 2686 892 his
2719 845 2838 915 quae

730 931 800 998 in
837 930 1124 1021 AEgypto
1160 925 1447 994 diximus
1490 925 1691 1019 gigni.
1735 925 1906 1014 Quae
1944 925 2165 994 baccis
2205 939 2485 1014 natura,
2528 926 2743 998 eadem
2783 941 2840 996 et

730 1036 963 1130 pomis.
996 1031 1295 1102 Aliorum
1338 1032 1518 1100 intus
1558 1055 1840 1125 corpus,
1879 1044 1947 1101 et
1981 1031 2141 1102 foris
2171 1030 2458 1126 lig-num,
2500 1047 2576 1103 ut
2603 1059 2833 1104 nucum.

664 1168 691 1201 π
730 1139 893 1211 Aliis
944 1140 1105 1209 foris
1152 1161 1431 1233 corpus,
1474 1139 1654 1206 intus
1704 1135 1996 1234 lignum,
2041 1152 2119 1207 ut
2169 1141 2450 1210 Persicis
2499 1153 2569 1210 et
2607 1141 2833 1234 prunis:

727 1231 1135 1339 vitiumque⁴
1174 1247 1469 1314 cinctum
1509 1243 1732 1314 fructu
1753 1298 1773 1332 ‚
1805 1269 2010 1339 quum
2053 1244 2310 1316 fructus
2350 1242 2508 1316 alibi
2535 1249 2836 1316 muniatur

726 1355 909 1424 vitio.
953 1352 1303 1422 Putamine
1348 1349 1751 1421 clauduntur
1799 1375 2006 1420 nuces
2026 1403 2046 1438 ‚
2101 1353 2286 1422 corio
2329 1367 2676 1422 castaneae.
2722 1355 2832 1422 De·

724 1461 1011 1530 trahitur
1041 1458 1218 1528 hoc
1204 1459 1320 1528 iis:
1353 1471 1425 1527 at
1453 1458 1523 1526 in
1556 1456 1846 1576 mespilis
1885 1456 2245 1527 manditur.
2279 1462 2524 1530 Crustu
2555 1473 2834 1554 teguntur

725 1565 1029 1661 glandes,
1071 1578 1227 1634 cute
1264 1588 1445 1649 uvae,
1478 1563 1666 1634 corio
1705 1579 1774 1633 et
1802 1563 2192 1634 membrana
2233 1568 2507 1635 Punica.
2550 1569 2754 1638 Carne
2781 1581 2832 1634 et

723 1697 925 1743 succo
952 1695 1141 1740 mora
1160 1655 1536 1758 constant⁵‚
1563 1684 1716 1740 cute
1748 1684 1818 1739 et
1839 1695 2040 1740 succo
2065 1673 2293 1741 cerasi.
2330 1657 2699 1762 Quaedam⁶
2723 1687 2828 1742 su·

722 1781 899 1848 tima
930 1777 1111 1873 ligno
1130 1775 1481 1864 recedunt,
1519 1792 1596 1846 ut
1617 1801 1857 1864 nuces,
1881 1791 1946 1846 et
1977 1776 2237 1872 palmae.
2269 1779 2598 1868 Quaedam
2635 1779 2827 1848 adhae-

720 1901 909 1970 rent,
947 1899 1023 1955 ut
1062 1883 1252 1954 olivae
1296 1881 1615 1977 laurique.
1659 1882 2126 1973 Quorumdam
2171 1877 2398 1978 ge'neri
2437 1900 2714 1981 utraque
2751 1899 2828 1954 est

720 2007 957 2062 natura
976 2045 996 2078 ,
1027 2005 1103 2060 ut
1136 1990 1433 2060 Persicis.
1466 1991 1730 2062 Etenim
1761 1989 2096 2060 duracinis
2117 1990 2141 2031 ⁷
2179 1990 2477 2062 adhaeret
2513 2017 2772 2088 corpus,
2797 2016 2826 2060 e

718 2097 1025 2194 lignoque
1072 2095 1267 2166 avelli
1309 2097 1581 2190 nequit:
1627 2121 1833 2190 quum
1869 2098 1938 2166 in
1979 2098 2231 2167 caeteris
2267 2097 2462 2169 facile
2497 2113 2820 2195 separetur.

712 2205 1133 2295 Quibusdam
1172 2228 1294 2273 nec
1323 2205 1542 2290 intus,
1575 2227 1701 2272 nec
1731 2217 1918 2273 extra
1951 2201 2244 2323 lignum3
2278 2219 2352 2274 ut
2387 2207 2458 2274 in
2488 2205 2822 2328 palmarum

647 2327 680 2380 3
716 2297 1018 2406 genere(
1068 2309 1459 2404 Aliquorum
1503 2257 1756 2403 lignum
1801 2312 2019 2404 ipsum
2063 2313 2134 2378 in
2168 2335 2296 2381 usu
2337 2326 2406 2382 et
2447 2315 2632 2408 pomi
2673 2313 2820 2392 vice,

714 2433 787 2487 ut
834 2419 1061 2514 generi
1110 2415 1473 2511 amygdalae
1493 2469 1514 2504 ,
1549 2438 1752 2510 quam
1799 2417 1867 2484 in
1912 2418 2202 2512 AEgypto
2253 2419 2434 2513 gigni
2454 2417 2482 2458 ⁹
2535 2419 2816 2488 diximus.

712 2523 1179 2615 Quorumdam
1236 2537 1417 2591 extra
1443 2576 1462 2607 ‚
1521 2525 1784 2616 gemina
1851 2525 2278 2618 geminantur
2325 2525 2558 2594 vitia¹⁰
2574 2580 2593 2613 ‚
2657 2539 2724 2594 ut
2767 2527 2818 2593 in

710 2632 1033 2702 castaneis
1052 2684 1073 2716 ,
1111 2627 1473 2723 amygdalis
1492 2682 1513 2716 ‚
1566 2627 1982 2724 nucibusque
2016 2629 2468 2724 juglandibus.
2513 2635 2815 2723 Quorum-

708 2738 862 2807 dam
904 2753 1145 2806 natura
1174 2736 1528 2830 trigemina
1568 2750 1710 2804 est:
1761 2759 2036 2831 corpus,
2083 2736 2324 2806 deinde
2361 2736 2652 2834 lignum.
2691 2761 2812 2808 rur·

788 3005 842 3040 a.
864 2987 929 3038 In
944 2985 1137 3056 siliqua.
1162 2981 1278 3034 Dal.
1310 3001 1375 3032 ex
1407 2982 1604 3052 siliqua.
1623 2981 1729 3035 En.
1901 2985 1956 3037 6.
1979 2982 2220 3051 Quadam
2233 2987 2420 3048 statim,
2433 2997 2536 3039 etc.
2549 2985 2808 3040 Fructuo-

787 3065 843 3120 3.
865 3065 1155 3136 Aliquorum
1176 3064 1303 3114 ineas
1336 3060 1514 3113 baceoe.
1536 3061 1730 3114 Abuti-
1817 3079 2015 3132 nempe
2068 3079 2278 3133 genem.
2327 3063 2476 3119 Vide
2523 3065 2618 3120 lib.
2665 3065 2807 3124 xm.

701 3159 791 3201 tur
804 3146 908 3199 hec
924 3161 1059 3197 voce
1072 3141 1141 3195 ad
1160 3140 1410 3194 nucleum
1428 3139 1731 3211 significan·
1817 3159 1934 3214 cap.
1957 3161 2012 3211 9.
2039 3143 2176 3196 Du..

700 3231 860 3291 dum,
886 3237 948 3278 ut
974 3224 1029 3276 in
1068 3223 1273 3276 Persen
1297 3221 1514 3285 fructu,
1567 3239 1728 3292 quam
1899 3239 1950 3292 7.
1982 3221 2178 3274 Etem‘m
2207 3222 2472 3277 duracinis.
2507 3226 2598 3278 Les
2621 3241 2800 3294 μησεν.

699 3321 754 3362 et
776 3305 1045 3360 Persicam
1077 3301 1577 3367 vocat,1ib.xl11,
1605 3319 1724 3372 cap.
1813 3299 1884 3354 de
1905 3300 2102 3373 quibus
2125 3300 2328 3356 dictum
2345 3315 2427 3356 ent
2449 3321 2614 3377 cap-1
2630 3323 2673 3358 1.
2699 3301 2756 3356 Π.

706 3407 800 3460 17.
824 3387 1027 3440 Datne.
1054 3383 1218 3434 —ln
1245 3381 1722 3453 AEgyptodhimus.
1895 3382 2802 3453 8.1npabnammgenere.Qunnpn·

699 3469 781 3522 De
839 3467 1059 3529 Persea,
1114 3463 1225 3516 sive
1272 3461 1485 3516 Persica
1534 3462 1726 3514 arbore
1811 3458 1978 3514 dones
2043 3459 2243 3515 idcirco
2315 3465 2670 3536 nuncupavit,
2725 3461 2800 3514 lib.

698 3543 907 3611 (Cot-dia
928 3535 1129 3613 ursa),
1154 3544 1264 3614 jam
1290 3561 1391 3596 suo
1414 3541 1536 3594 loco
1561 3559 1722 3613 supra
1808 3541 1980 3606 1111,
2020 3559 2137 3613 cap.
2167 3544 2221 3597 8.
2245 3539 2432 3600 Hau).

695 3626 902 3682 dictum
928 3637 1023 3680 est.
1044 3625 1151 3678 En.
1891 3639 1946 3690 9.
1990 3619 2147 3692 Gigm'
2185 3621 2413 3677 damnus.
2445 3623 2610 3678 libro
2647 3621 2798 3682 xm,

775 3713 829 3771 4.
859 3707 1065 3759 Vitium,
1106 3701 1173 3755 Id
1215 3685 1363 3773 quod
1402 3699 1596 3772 projici
1625 3719 1720 3754 ne·
1809 3719 1929 3773 cap.
1968 3718 2056 3770 17.
2093 3697 2277 3755 Eun.

692 3803 835 3841 ees-e
874 3797 987 3851 ent,
1034 3781 1185 3855 quod
1225 3779 1408 3835 mandi
1456 3799 1570 3834 non
1613 3799 1720 3852 po·
1895 3797 1978 3834 ιο.
1999 3779 2324 3835 θεηιῡιαητω·
2341 3785 2428 3835 vite
2411 3803 2480 3836 a.
2495 3783 2794 3842 crunnum

690 3879 806 3922 teat.
830 3861 1011 3916 Han.
1803 3860 2059 3926 cortices,
2103 3878 2221 3931 quaa
2261 3860 2476 3918 detrahi
2511 3873 2707 3933 oportet
2745 3873 2794 3910 ae

774 3945 827 3999 5.
864 3945 1026 3998 cam
1062 3953 1113 3992 er
1134 3959 1275 3995 suevo
1306 3959 1439 3994 mom
1473 3952 1714 3994 comune.
1803 3939 2092 4012 projici,in
2105 3939 2428 4012 quibusdam
2441 3942 2651 4014 gemin·
2659 3947 2784 3992 sunt:

690 4025 891 4092 Confer
910 4021 1193 4092 Theophr.
1223 4021 1361 4077 nist.
1388 4021 1487 4074 lib.
1506 4022 1559 4083 Ι,
1597 4039 1713 4092 cap.
1803 4020 1999 4092 quibus
2017 4019 2259 4085 nucleus,
2287 4040 2380 4075 ten
2402 4023 2559 4076 bacca
2583 4014 2784 4074 obvolvi-

695 4109 793 4170 ¹8,
822 4121 985 4177 quem
1017 4101 1111 4155 hic
1138 4102 1425 4172 superavit.
1458 4102 1592 4154 Du..
1803 4113 1908 4152 mr.
1931 4099 2117 4153 Eun.
