2984 5009
680 371 832 445 286

1211 373 1287 441 C.
1344 371 1682 441 PLINII
1738 370 1958 439 NAT.
2015 370 2271 439 HIST.

675 494 872 575 tem¹⁸
915 504 1104 573 annis
1146 502 1499 599 accipiunt.
1556 501 1825 572 Etruria
1879 499 2061 571 nulla
2102 502 2313 595 magis
2352 501 2489 569 vite
2540 498 2791 595 gaudet:

675 614 765 681 Et
795 612 1116 683 hactenus
1146 610 1488 705 potissima
1524 606 1835 677 nobilitas
1860 606 2300 703 peculiaribus
2334 618 2533 702 atque
2560 624 2791 675 verna-

609 731 640 783 5
677 716 841 789 culis
886 716 1118 787 Italiae.
1177 718 1450 787 Caeterae
1498 715 1825 785 advenere
1884 714 2059 784 Chio
2079 714 2131 753 ²⁹
2152 762 2175 802 ,
2236 714 2568 783 Thasove.
2620 716 2793 782 Grae·

677 810 896 895 cula³⁰
922 850 1060 895 non
1093 822 1364 893 inferior
1397 823 1760 891 Ammineis
1791 821 2124 907 bonitate,
2163 836 2531 916 praetenera
2570 820 2787 888 acino:

677 947 745 1001 et
785 954 920 1001 uva
957 947 1094 1001 tam
1143 953 1387 1059 parva3,
1429 943 1509 997 ut
1552 929 1679 996 nisi
1730 928 2163 1023 pinguissimo
2216 926 2359 996 solo
2414 926 2635 996 colere
2670 949 2795 993 non

678 1038 904 1134 prosit.
963 1021 1392 1156 Eugeniam³¹
1453 1036 1976 1103 Taurominitani
2024 1033 2225 1103 colles
2275 1052 2429 1103 cum
2480 1033 2795 1149 generosi-

679 1147 831 1215 tatis
882 1144 1328 1239 cognomine
1371 1144 1607 1210 misere
1643 1140 1900 1210 Albano
1949 1155 2205 1211 tantum
2244 1165 2457 1235 agro:
2497 1140 2795 1234 quoniam

681 1250 998 1320 translata
1045 1250 1265 1319 statim
1310 1262 1627 1318 mutatur.
1696 1250 2001 1342 Namque
2052 1262 2155 1316 est
2214 1246 2538 1341 aliquibus
2592 1260 2798 1313 tantus

681 1357 979 1427 locorum
1015 1378 1226 1443 amor,
1255 1368 1330 1423 ut
1358 1380 1623 1423 omnem
1648 1354 1719 1421 in
1746 1354 1848 1423 his
1872 1353 2147 1449 gloriam
2180 1378 2365 1423 suam
2400 1351 2795 1446 relinquant,

611 1477 645 1526 6
681 1488 804 1533 nec
839 1486 1119 1557 usquam
1156 1476 1496 1531 transeant
1526 1475 1701 1592 t3otae.
1732 1460 1937 1550 Quod
1964 1476 2033 1530 et
2068 1462 2137 1529 in
2174 1459 2475 1529 Rhaetica
2510 1458 2797 1528 Allobro·

682 1572 990 1665 gleaqU09
1053 1592 1250 1661 quam
1305 1553 1557 1661 supra³

1564 1565 1917 1662 'picatam
1968 1566 2489 1661 appellavimus,
2565 1564 2797 1645 evenit,

684 1675 864 1745 domi
905 1673 1278 1759 nobilibus,
1327 1698 1453 1743 nec
1491 1674 1924 1769 agnoscendis
1978 1673 2151 1743 alibi.
2200 1671 2527 1743 Fecundae
2568 1687 2796 1753 tamen,

685 1782 997 1851 bonitatis
1025 1782 1172 1849 vice
1197 1782 1457 1874 copiam
1481 1795 1829 1875 praestant:
1857 1782 2152 1875 Eugenia
2185 1779 2599 1849 ferventibus
2626 1777 2797 1861 locis,

685 1888 984 1957 Rhaetica
1033 1888 1441 1981 temperatis,
1496 1886 1917 1981 Allobrogica
1974 1886 2263 1982 frigidis,
2326 1884 2475 1981 gelu
2528 1900 2797 1953 mature-

686 2020 911 2081 scens,
951 2009 1019 2063 et
1056 1992 1278 2063 colore
1314 1995 1525 2087 nigra.
1563 1996 1666 2062 Ex
1704 1992 1843 2081 his,
1884 2019 2046 2088 quas
2082 1994 2302 2062 adhuc
2340 1992 2661 2077 diximus,
2702 1986 2799 2056 sed

685 2102 880 2172 etiam
910 2126 950 2169 e
992 2100 1194 2196 nigris
1218 2102 1372 2168 vina
1399 2114 1729 2169 vetustate
1764 2102 1832 2168 in
1868 2099 2091 2168 album
2126 2098 2415 2168 colorem
2452 2108 2799 2167 transeunt.

773 2322 861 2369 28.
905 2316 1253 2368 Auster-itatem
1274 2351 1291 2380 ,
1341 2328 1442 2374 etc.
1476 2315 1708 2367 Pliniani

685 2395 1084 2466 interpolatores
1101 2395 1296 2447 locum
1330 2394 1476 2447 hunc
1500 2394 1571 2447 ita
1596 2394 1708 2447 edi-

685 2474 908 2529 derant:
941 2500 964 2522 ι
1003 2474 1373 2527 Auster-itatem
1397 2474 1547 2549 annis
1574 2474 1710 2530 acci·

683 2556 870 2628 piant,
911 2567 964 2607 et
988 2554 1148 2606 rubra
1175 2553 1331 2607 fiunt.
1351 2554 1513 2605 Nulla
1550 2553 1712 2625 magis

683 2637 794 2688 vite
816 2632 1026 2705 gaudet.
1057 2658 1080 2679 n

686 2734 717 2768 ι
750 2714 906 2767 MSS.
957 2713 1202 2765 omnibus
1241 2712 1389 2765 libris
1436 2712 1608 2776 absit,
1658 2724 1712 2765 et

687 2792 823 2865 quid
840 2810 899 2845 ea
919 2794 1076 2844 verba
1101 2804 1366 2863 postrema
1381 2791 1681 2861 significent
1694 2830 1710 2855 ,

685 2875 976 2925 obscurum
1005 2871 1086 2923 sit.
1128 2874 1192 2923 In
1233 2871 1384 2923 MSS.
1413 2874 1544 2941 Reg.
1576 2892 1599 2925 1
1622 2910 1638 2937 ‚
1660 2885 1712 2925 et

688 2953 842 3007 Colb.
868 2971 894 3003 2
910 2990 926 3015 ,
956 2954 1196 3021 accipiunt
1215 2962 1264 3001 et
1279 2951 1422 3003 rubra
1441 2953 1577 3003 nulla
1607 2972 1711 3003 ma-

686 3036 784 3102 gis.
805 3034 869 3083 In
886 3031 992 3083 Th.
1013 3032 1065 3083 E
1069 3043 1087 3080 t
1113 3031 1276 3082 rubria
1291 3032 1426 3083 nulla
1445 3036 1615 3101 magis.
1637 3032 1713 3084 At

688 3113 744 3165 in
767 3113 898 3181 Reg.
921 3130 950 3163 a
975 3148 992 3174 ‚
1045 3123 1097 3162 et
1136 3110 1316 3163 chiffl.
1367 3112 1671 3181 planissime
1692 3149 1711 3175 ,

689 3194 950 3261 accipiunt.
988 3192 1194 3242 Etruria
1225 3192 1359 3242 nulla
1399 3196 1579 3261 magis,
1614 3204 1713 3245 etc.

659 3275 668 3285 ‘
692 3273 764 3324 Et
787 3290 909 3323 sane
932 3289 1101 3342 quum
1131 3270 1324 3341 cuique
1352 3274 1536 3340 generi
1562 3290 1717 3325 suum

691 3352 946 3405 hactenns
977 3350 1031 3401 in
1065 3350 1216 3403 Italia
1248 3350 1523 3420 assignarit
1548 3352 1718 3404 natale

691 3432 863 3484 solum
878 3467 895 3494 ,
917 3429 1215 3483 Ammiueis
1229 3431 1522 3483 Vesuvium
1538 3432 1721 3483 etSur·

690 3512 932 3564 rentinos
975 3510 1170 3571 colles,
1212 3511 1452 3563 Rubelli:-
1484 3511 1721 3563 Nomen-

694 3602 835 3655 tum,
857 3588 1074 3660 Apianae
1092 3591 1286 3660 cujates
1306 3590 1410 3641 sint
1425 3628 1441 3653 ,
1461 3608 1721 3662 nusquam

693 3669 892 3741 aperit,
921 3668 1024 3721 nisi
1049 3670 1154 3722 hoc
1181 3669 1300 3723 loco
1329 3670 1469 3723 facit.
1498 3670 1586 3723 sic
1618 3671 1723 3722 Pli-

695 3749 817 3801 nius
840 3749 952 3817 ipse
979 3746 1230 3812 inferius,
1277 3748 1380 3800 hoc
1405 3748 1520 3819 ipso
1549 3750 1720 3821 capite

695 3827 766 3881 de
787 3828 1068 3881 helvenaca
1088 3829 1198 3881 vite
1219 3848 1234 3882 z
1262 3852 1284 3875 ι
1305 3828 1461 3883 Nulla
1479 3868 1497 3893 ,
1516 3830 1722 3900 inquit,

696 3908 886 3961 vitium
913 3906 1088 3959 minus
1114 3906 1318 3961 Italiam
1360 3922 1515 3963 amat.
1558 3934 1581 3957 ι
1612 3906 1681 3961 Η.

783 4006 871 4061 ²9.-
903 3985 1046 4039 Chio.
1077 3986 1348 4045 Tibullus,
1385 3990 1472 4053 11,
1516 4006 1567 4053 ι,
1611 4006 1719 4058 27:

1111 2634 1294 2696 Quum
1311 2646 1363 2685 et
1383 2652 1484 2684 vox
1510 2631 1713 2702 eastum
1738 2658 1743 2661 ·

1804 2339 1827 2364 α
1855 2314 2013 2369 Nunc
2046 2316 2174 2369 mihi
2215 2315 2453 2369 fumosos
2483 2316 2675 2369 veteris
2697 2331 2801 2385 pro-

1798 2396 1931 2449 ferte
1974 2396 2227 2449 Falernos
2274 2396 2551 2463 Consulis,
2590 2410 2644 2449 et
2680 2393 2799 2448 Chio

1798 2475 1986 2529 solvite
2008 2476 2181 2528 vincla
2207 2474 2357 2529 cado.
2378 2500 2402 2522 n
2440 2477 2644 2531 DAmxc.

1880 2554 1967 2609 30.
2000 2554 2251 2609 Graecula.
2275 2556 2468 2609 Ποῖ-εἰπε
2486 2556 2548 2607 de
2580 2552 2797 2610 Corinthe-

1798 2636 1937 2687 Du:-
1966 2659 2043 2669 --
2073 2634 2322 2689 Graecula.
2342 2638 2471 2689 Non
2492 2636 2797 2705 uninegene-

1798 2716 1873 2767 ris
1892 2712 1949 2765 id
1974 2733 2168 2767 nomen
2186 2754 2203 2779 ,
2252 2729 2347 2769 aut
2390 2715 2497 2769 loci
2544 2727 2625 2769 est
2652 2733 2667 2767 :
2694 2729 2799 2765 nam

1800 2793 2127 2859 Columella,
2167 2795 2203 2849 1.
2230 2813 2277 2847 c.
2310 2814 2427 2866 pag.
2463 2796 2535 2865 87
2560 2834 2577 2861 ,
2610 2796 2799 2849 Gracu-

1798 2872 1971 2925 larum
1997 2875 2185 2927 vitium
2212 2876 2423 2945 generis
2456 2893 2569 2927 esse
2603 2876 2671 2929 ait
2704 2872 2800 2923 Μ·-

1800 2954 2050 3020 reoticas,
2071 2954 2315 3020 Thasius,
2340 2954 2615 3027 Psytbias,
2641 2948 2798 3007 atell-

1882 3033 1975 3087 31.
2024 3034 2319 3103 Eugenium.
2364 3034 2567 3089 Grecis
2607 3034 2797 3103 εὐγένεια

1802 3124 1853 3164 et
1882 3114 2076 3185 εὐγενῖα
2103 3114 2435 3167 nobilitatem
2472 3132 2534 3166 ac
2560 3109 2801 3184 generosi-

1802 3205 1961 3245 tatem
1984 3206 2153 3247 sonat.
2180 3192 2388 3247 Colum.
2410 3194 2447 3247 l.
2474 3212 2527 3247 c.
2555 3212 2673 3265 pag.
2702 3191 2797 3243 86:

1811 3297 1836 3319 ι
1876 3271 2147 3343 Frigidum
2176 3292 2237 3325 ac
2268 3272 2541 3329 roscidum
2568 3274 2729 3327 solum
2758 3277 2801 3319 et

1806 3352 1996 3404 coelum
2062 3352 2489 3407 commodissime
2570 3352 2801 3406 sustinent

1808 3432 2078 3501 Eugeniae,
2088 3430 2219 3485 dum
2240 3447 2361 3487 sunt
2374 3435 2429 3485 in
2445 3432 2653 3486 Albano
2665 3428 2799 3485 cone:

1808 3530 1932 3563 nam
1969 3524 2171 3565 mutato
2199 3514 2319 3567 loco
2356 3512 2445 3567 vix
2478 3511 2686 3567 nomini
2720 3522 2800 3561 mo

1808 3590 2416 3661 respondent.H1mn.

1891 3670 2184 3742 32.Sup1·a.
2224 3670 2336 3723 Sub
2359 3672 2523 3725 finem
2550 3670 2704 3744 primi
2732 3682 2800 3720 ca·

1807 3750 2103 3822 pitishujus
2115 3752 2257 3805 libri.
2272 3753 2406 3804 Du..
2410 3782 2491 3796 —-
2510 3754 2670 3822 Quam
2682 3764 2799 3817 supra

1804 3835 2040 3900 picatam.
2057 3832 2120 3882 In
2139 3832 2323 3882 A110b1
2314 3831 2798 3915 ogtcisquoquevm!

1806 3908 2192 3981 jucunditatem
2220 3930 2341 3963 cum
2368 3912 2587 3983 regione
2613 3902 2801 3964 mutui

1810 3988 2055 4060 prodidit
2076 3990 2369 4045 Columella
2398 3991 2439 4043 l.
2466 4010 2515 4047 ο.
2548 3988 2715 4043 Hann-
