2984 5009
985 456 1300 526 LIBER
1360 458 1572 527 xv1.
2212 452 2353 549 617

304 597 630 667 LXXIX.
699 596 996 664 Maxime
1032 610 1279 665 oeterna
1324 592 1598 691 putant¹
1637 593 1922 662 ebenum
1969 607 2036 661 et
2082 617 2346 688 cupres·
2397 627 2416 656 ι

203 730 385 790 sum,
429 702 881 797 cedrumque,
934 701 1119 771 claro
1162 702 1246 772 de
1282 702 1596 772 omnibus
1639 701 1936 769 materiis
1971 699 2230 793 judicio
2285 701 2356 767 in
2463 754 2469 764 .

202 808 459 905 templo
517 809 823 905 Ephesiae
887 810 1119 879 Dianae
1172 834 1187 877 :
1254 824 1489 904 utpote
1549 832 1756 903 quum
1807 820 1950 876 tota
2015 808 2172 875 Asia
2247 831 2359 874 ex-

203 931 507 986 struente
571 916 1075 1011 quadringentis
1142 918 1331 987 annis
1353 915 1373 941 ²
1433 929 1781 1011 peractum
1863 914 1984 1001 sit,
2049 916 2368 982 convenit

202 1066 363 1140 gend.
419 1090 443 1113 ·
466 1068 675 1121 Rimam
728 1067 1080 1141 fissuramque
1123 1086 1237 1120 non
1326 1064 1560 1139 denique
1574 1084 1836 1119 annorum
1861 1066 2230 1136 experimento
2243 1085 2364 1138 per-

206 1148 357 1221 cepit
402 1160 593 1220 sponte
643 1145 835 1201 cedrus
871 1166 885 1201 ε
924 1164 1239 1218 cupressus„
1326 1159 1508 1201 actum
1555 1164 1670 1200 esse
1704 1165 1719 1199 :
1753 1158 1816 1199 nt
1855 1160 2036 1217 postes
2072 1144 2140 1199 de
2178 1164 2360 1200 earum

203 1230 353 1294 olea,
398 1230 621 1282 buxum.
652 1227 889 1281 Maxime
918 1241 1116 1281 aterna
1138 1247 1242 1300 pu·
1328 1226 1628 1281 eternitate
1657 1226 1893 1297 reliquus
1908 1227 2088 1280 nullus
2106 1226 2176 1279 sit
2197 1224 2366 1280 disce-

206 1320 326 1361 tant
359 1310 599 1361 ebenum
636 1320 688 1361 et
732 1325 1038 1379 cupressum
1056 1346 1073 1373 ‚
1096 1308 1241 1361 claro
1329 1305 1524 1379 ptandi
1568 1307 1738 1359 locus.
1779 1306 2073 1377 Templum
2119 1306 2304 1361 Dianae
2335 1324 2368 1359 s

204 1387 273 1441 de
326 1388 583 1441 omnibus
646 1386 883 1440 materiis
930 1386 1137 1460 judicio
1185 1388 1241 1439 in
1334 1386 1606 1441 communi
1656 1385 1796 1439 Asiae
1837 1386 1999 1439 fuisse
2036 1400 2380 1444 exstructum

207 1468 423 1539 templo
470 1466 713 1539 Ephesio
762 1467 963 1521 Dianas.
998 1493 1019 1513 ι
1072 1466 1244 1521 διαί.

205 1567 331 1620 pag.
360 1549 431 1601 81
446 1548 478 1601 3
494 1584 513 1612 ,
542 1565 593 1600 a.
611 1578 692 1590 --
709 1546 902 1599 Rimam
920 1587 935 1610 ,
953 1558 1052 1600 etc.
1066 1548 1133 1599 In
1151 1548 1245 1599 In·

207 1627 367 1693 dice,
400 1652 425 1674 ιι
460 1644 579 1698 quae
609 1627 807 1680 cariem
839 1645 950 1680 non
985 1627 1247 1692 sentient,

206 1726 337 1781 qnae
365 1705 579 1760 rimam.
605 1730 630 1753 ιι
662 1708 845 1760 Hum-

288 1787 553 1839 Lxxlx.
602 1804 651 1839 1.
691 1786 911 1838 Maxime
944 1799 1127 1840 oetema
1151 1806 1249 1857 pu-

210 1879 345 1921 tant.
396 1865 485 1919 Sic
526 1866 853 1919 restituimus
896 1885 1019 1919 eum
1066 1868 1251 1919 locum

208 1946 389 2001 secuti
407 1943 527 1999 cod.
553 1946 683 2016 neg.
712 1964 741 1997 ι
758 1984 775 2011 ,
805 1946 1064 2018 aliosque.
1092 1946 1253 1999 Prius

210 2029 367 2081 enim
394 2026 689 2096 legebatur,
718 2026 905 2079 evulso
928 2039 1255 2098 praepostere

211 2126 279 2161 ex
328 2106 611 2178 superiore
660 2106 921 2159 sententia
959 2106 1223 2161 vocabulo
1238 2143 1254 2169 ,

218 2214 243 2237 ι
268 2188 491 2241 Buxum
507 2184 735 2238 maxime
754 2198 1011 2239 aeternum
1036 2197 1227 2259 putant
1240 2223 1256 2250 ,

214 2268 495 2330 ebenum,
523 2279 577 2320 et
616 2282 962 2335 cupressum,
1004 2265 1256 2319 cedrum·

214 2364 351 2419 que.
372 2370 397 2393 ιι
428 2345 565 2399 Sane
578 2382 595 2410 ,
618 2362 785 2415 quum
802 2343 1067 2417 ejusmodi
1092 2346 1259 2417 ligno·

215 2444 353 2481 rum
433 2425 817 2495 perennitatem
837 2464 853 2492 ,
904 2444 1019 2479 uno
1071 2424 1259 2496 templi

215 2502 492 2577 Ephesini
525 2518 843 2576 argumento
886 2506 1211 2577 comprobet
1242 2522 1257 2558 ε

216 2589 279 2639 in
309 2602 491 2655 eoque
516 2585 745 2655 templo,
769 2604 893 2656 >qum
923 2604 1117 2657 genera
1144 2586 1261 2639 fue·

216 2667 343 2720 rint
378 2662 619 2717 adhibita
655 2662 788 2717 dum
840 2678 1224 2721 commemorat
1244 2704 1263 2730 ‚

219 2743 457 2801 cedrum
474 2782 491 2809 ,
541 2762 847 2816 cupressum
869 2784 885 2811 ,
926 2747 1265 2817 ebenumque

222 2824 451 2889 laudet,
488 2835 657 2877 taceat
716 2823 785 2877 de
838 2826 981 2879 buxo
1023 2844 1038 2879 ε
1082 2844 1264 2879 annon

219 2906 411 2977 palam
444 2903 604 2967 facit,
644 2922 701 2958 se
724 2904 1033 2977 tergemino
1060 2918 1265 2959 tantum

221 2986 397 3056 hujus
436 2984 673 3037 materia
722 2985 1067 3039 aetemitatem
1118 3004 1267 3039 com·

222 3062 531 3122 meudun-e?
556 3064 747 3119 Hnn.

319 3164 374 3197 2.
409 3144 795 3215 Quadringentis
820 3149 979 3199 annis.
1007 3145 1157 3210 Quot
1184 3145 1269 3196 ni-

228 3226 442 3280 mirum
471 3224 599 3277 anni
632 3222 837 3278 fluxere
874 3226 943 3278 ab
981 3222 1273 3279 Alexandri

228 3305 551 3377 principatu
596 3303 665 3357 ad
712 3304 849 3359 illud
878 3318 1089 3377 tempus
1108 3343 1125 3371 ‚
1164 3322 1274 3375 quo

230 3385 449 3439 Plinius
501 3384 615 3439 haec
656 3386 947 3451 scriberet,
995 3387 1101 3439 hoc
1144 3397 1225 3439 est
1259 3422 1275 3450 ,

237 3482 423 3536 usque
444 3463 515 3517 ad
544 3482 670 3518 ann.
699 3466 772 3517 U.
803 3466 937 3521 830.
963 3466 1107 3536 Ergo
1135 3483 1276 3518 anno

234 3545 413 3599 Urbis
432 3545 575 3607 430,
610 3544 771 3599 docet
798 3558 1035 3617 emptum
1077 3545 1277 3599 exstrui

238 3624 512 3695 templum
551 3624 883 3697 Ephesinum
913 3644 945 3679 a
978 3638 1091 3679 tote
1122 3626 1245 3679 Asia
1264 3664 1279 3689 ,

239 3708 351 3758 hoc
374 3716 485 3767 est,
509 3724 574 3757 eo
598 3724 745 3758 anno
770 3723 879 3776 quo
898 3705 1029 3757 vicit
1052 3707 1279 3759 Darium

240 3782 555 3838 Alexander
607 3801 622 3836 τ
672 3785 1077 3856 perfectumque
1128 3784 1284 3839 annis

242 3864 497 3917 ducentis
522 3876 577 3918 et
600 3864 827 3937 viginti,
866 3877 929 3917 ut
953 3863 1163 3918 dicetur
1184 3866 1279 3918 lib.

247 3944 529 4009 XXXVI,
560 3962 681 4015 cap.
712 3963 803 3999 τι.
844 3942 1117 3998 Judicium
1152 3962 1281 3997 vero

248 4024 386 4077 Asiae
412 4024 577 4079 totius
594 4026 907 4078 exstruentis
939 4024 1009 4078 de
1036 4024 1285 4096 perenni-

254 4117 363 4158 tate
382 4104 721 4157 materiarum
740 4144 755 4173 ‚
769 4102 1282 4175 quadringentorum

1334 1479 1559 1522 testatur
1605 1466 1900 1519 Domitiani
1945 1468 2080 1539 Aug.
2116 1485 2371 1520 nummus

1337 1566 1405 1600 ex
1432 1564 1536 1599 sere
1575 1544 1838 1600 mediocri
1882 1563 1899 1599 ε
1944 1549 2367 1602 AOMITIANOC

1336 1628 1594 1680 KAICAP
1633 1628 1984 1680 CEBACTOC
2039 1632 2372 1681 PEPMANI·

1338 1708 1496 1759 KOC.
1547 1707 1737 1778 Capite
1777 1708 2016 1760 laurento
2067 1697 2150 1777 ..)(
2200 1706 2375 1779 Supra

1340 1787 1655 1840 EQECIQN.
1709 1787 1858 1839 Infra
1909 1788 2211 1840 MAPNAC.
2262 1789 2376 1840 Dea

1341 1865 1519 1936 capite
1545 1866 1741 1921 turrito
1767 1865 2074 1933 decumbit,
2097 1866 2374 1938 provincis

1342 1946 1575 2012 scilicet,
1605 1945 1838 2018 imponit
1868 1945 2071 2018 templo
2102 1943 2375 2010 dextram,

1342 2044 1447 2099 qua
1474 2038 1620 2079 tenet
1644 2024 1961 2079 arundinem
1994 2044 2009 2080 :
2043 2038 2220 2092 retro,
2265 2044 2376 2080 ser·

1343 2124 1506 2178 pens,
1531 2106 1670 2159 Asia
1685 2106 1994 2175 symbolum
2017 2125 2033 2173 ;
2081 2119 2134 2159 et
2157 2126 2218 2159 ex
2243 2124 2378 2159 urna

1346 2183 1627 2258 profluens
1670 2204 1844 2257 sque,
1869 2199 1932 2240 ut
1966 2185 2198 2239 videtur.
2235 2186 2378 2241 Cave

1346 2278 1524 2319 autem
1540 2266 1633 2319 hic
1645 2268 1929 2319 MAPNAC
1941 2286 2126 2319 vocem
2145 2266 2376 2338 aliquam

1348 2364 1510 2398 unum
1535 2364 1674 2410 esse,
1701 2358 1791 2399 eut
1817 2344 1908 2399 dei
1929 2346 2131 2399 Marnae
2158 2364 2378 2399 nomen.

1348 2426 1517 2495 Lege:
1539 2426 1777 2496 Μεγάλης
1793 2418 2080 2497 Ala-qaeu<
2095 2429 2230 2481 Ναὸν
2248 2418 2382 2480 Acin.

1350 2507 1670 2571 Συνίκτισεν,
1718 2533 1740 2554 ι
1784 2506 1994 2578 Magum
2035 2507 2219 2559 Diana
2245 2518 2381 2559 tem·-

1350 2586 1504 2657 plum
1535 2585 1658 2639 Asia
1703 2582 1866 2639 simul
1905 2583 2165 2638 condidit.
2187 2610 2209 2632 ι
2253 2587 2384 2639 Haec

1353 2684 1532 2736 magna
1571 2666 1744 2718 De'ana
1787 2667 2108 2736 Ephesiorum
2147 2666 2202 2718 in
2237 2666 2386 2719 Actis

1354 2760 1432 2800 est
1452 2784 1469 2811 ‚
1490 2764 1610 2817 cap.
1645 2763 1714 2815 19
1743 2764 1758 2801 ε
1785 2747 1998 2817 ΜεγαἹ.η
2031 2737 2242 2818 Ᾰρτεμις
2265 2736 2389 2817 llos-

1356 2828 1491 2881 σίων..
1515 2825 1772 2881 Similiter
1793 2826 1851 2879 in
1877 2845 2102 2879 nummo
2129 2825 2387 2880 Hadriani

1356 2913 1499 2961 ΑΥΤ.
1529 2912 1804 2961 rrum.
1846 2897 2386 2978 AAPIANOC.)(.1n

1357 2988 1562 3057 templo
1602 2986 1814 3040 duobus
1851 2989 2114 3041 columnis
2154 3000 2345 3041 omato
2373 3026 2391 3053 ,

1358 3078 1499 3119 stant
1523 3065 1864 3120 dextrorsum
1890 3069 2064 3121 Diana
2086 3086 2208 3121 cum
2237 3086 2392 3132 arcu,

1360 3160 1416 3198 et
1461 3158 1607 3199 veste
1645 3148 1913 3199 succincta
1962 3166 1978 3201 τ
2031 3148 2390 3200 sinistrorsum

1362 3224 1557 3295 Apollo
1595 3244 1719 3279 cum
1769 3242 1894 3278 arcu
1939 3226 2201 3293 similiter.
2251 3226 2394 3279 Hinc

1363 3310 1540 3358 ΓΑΖΔ
1569 3324 1583 3355 :
1613 3302 1740 3358 inde
1791 3310 2047 3359 MAPNA.
2097 3306 2240 3359 Cave
2260 3344 2277 3371 ,
2311 3306 2394 3357 in·

1365 3402 1522 3458 quam
1537 3422 1554 3443 ,
1573 3384 1822 3456 cuiquam
1833 3384 1922 3439 hic
1947 3404 2161 3457 quoque
2177 3383 2362 3438 credas
2378 3424 2394 3449 ,

1365 3482 1479 3519 esse
1523 3465 1768 3518 Mai-nam
1825 3465 2018 3518 Jovem
2058 3484 2072 3519 :
2123 3484 2295 3536 quum
2339 3464 2394 3518 id

1366 3544 1576 3615 pictura
1594 3557 1782 3616 neget;
1813 3546 1992 3616 etipse
2009 3545 2218 3607 titulus,
2245 3546 2396 3615 cujus

1366 3626 1480 3679 hec
1532 3623 1793 3679 sententia
1823 3638 1902 3678 est
1938 3642 1953 3677 :
1983 3624 2197 3697 Μεγάλη
2231 3615 2396 3679 ᾸΡτε·

1369 3726 1481 3777 μις,
1505 3704 1826 3777 Νιῧροχσιρὴς
1854 3698 2087 3759 Απόλλων
2118 3726 2132 3757 t
2163 3726 2186 3748 κ
2203 3706 2400 3777 Magna

1369 3786 1564 3850 Diana,
1591 3786 1832 3839 hinnulis
1846 3784 2081 3857 gaudens
2105 3786 2330 3858 Apollo:
2367 3810 2390 3831 ι

1371 3884 1492 3937 quo
1538 3864 1649 3919 duo
1683 3866 1801 3918 sola
1831 3865 2030 3918 scilicet
2074 3866 2132 3918 in
2175 3884 2399 3918 nummo

1371 3958 1496 3999 sunt
1516 3946 1806 4016 insculpta,
1832 3946 1905 3998 ob
1925 3944 2257 3998 venationem
2284 3962 2401 3997 cer-

1370 4026 1554 4079 vinam
1568 4026 1624 4079 in
1642 4044 1707 4078 eo
1720 4038 1894 4079 tractu
1908 4025 2370 4080 celebratissimum
2382 4064 2398 4087 ‚

1373 4105 1459 4158 cui
1488 4124 1714 4177 praeesse
1753 4106 1868 4159 haee
1895 4104 2008 4158 duo
2047 4104 2269 4158 numina
2295 4106 2403 4157 Ve-
