<?xml version="1.0" encoding="UTF-8"?>
<!DOCTYPE html PUBLIC "-//W3C//DTD XHTML 1.0 Transitional//EN"
    "http://www.w3.org/TR/xhtml1/DTD/xhtml1-transitional.dtd">
<html xmlns="http://www.w3.org/1999/xhtml" xml:lang="en" lang="en">
 <head>
  <title>
</title>
<meta http-equiv="Content-Type" content="text/html;charset=utf-8" />
  <meta name='ocr-system' content='tesseract 3.04.00' />
  <meta name='ocr-capabilities' content='ocr_page ocr_carea ocr_par ocr_line ocrx_word'/>
</head>
<body>
  <div class='ocr_page' id='page_1' title='image "./caiipliniisecun07plingoog_0366.png"; bbox 0 0 2984 5009; ppageno 0'>
   <div class='ocr_carea' id='block_1_1' title="bbox 957 452 1545 521">
    <p class='ocr_par' dir='ltr' id='par_1_1' title="bbox 957 452 1545 521">
     <span class='ocr_line' id='line_1_1' title="bbox 957 452 1545 521; baseline 0 0"><span class='ocrx_word' id='word_1_1' title='bbox 957 454 1018 521; x_wconf 94' lang='lat' dir='ltr'>I</span> <span class='ocrx_word' id='word_1_2' title='bbox 1031 452 1279 521; x_wconf 88' lang='lat' dir='ltr'>IBER</span> <span class='ocrx_word' id='word_1_3' title='bbox 1333 452 1545 521; x_wconf 86' lang='lat' dir='ltr'>XIV.</span> 
     </span>
    </p>
   </div>
   <div class='ocr_carea' id='block_1_2' title="bbox 2169 452 2323 551">
    <p class='ocr_par' dir='ltr' id='par_1_2' title="bbox 2169 452 2323 551">
     <span class='ocr_line' id='line_1_2' title="bbox 2169 452 2323 551; baseline 0.071 -11"><span class='ocrx_word' id='word_1_4' title='bbox 2169 452 2323 551; x_wconf 74' lang='lat'><strong>349</strong></span> 
     </span>
    </p>
   </div>
   <div class='ocr_carea' id='block_1_3' title="bbox 215 568 2325 715">
    <p class='ocr_par' dir='ltr' id='par_1_3' title="bbox 215 568 2325 715">
     <span class='ocr_line' id='line_1_3' title="bbox 215 568 2325 715; baseline 0.001 -60"><span class='ocrx_word' id='word_1_5' title='bbox 215 584 464 655; x_wconf 76' lang='lat' dir='ltr'><strong>fiilmine</strong></span> <span class='ocrx_word' id='word_1_6' title='bbox 484 580 736 669; x_wconf 80' lang='lat' dir='ltr'><strong>tactae&#39;‚</strong></span> <span class='ocrx_word' id='word_1_7' title='bbox 781 606 1114 678; x_wconf 82' lang='lat' dir='ltr'><strong>quamque</strong></span> <span class='ocrx_word' id='word_1_8' title='bbox 1142 568 1364 677; x_wconf 85' lang='lat' dir='ltr'><strong>juxta³</strong></span> <span class='ocrx_word' id='word_1_9' title='bbox 1393 583 1687 653; x_wconf 89' lang='lat' dir='ltr'><strong>hominis</strong></span> <span class='ocrx_word' id='word_1_10' title='bbox 1722 607 1904 653; x_wconf 85' lang='lat' dir='ltr'><strong>mors</strong></span> <span class='ocrx_word' id='word_1_11' title='bbox 1934 584 2175 715; x_wconf 81' lang='lat' dir='ltr'><strong>laqueo</strong></span> <span class='ocrx_word' id='word_1_12' title='bbox 2206 610 2325 681; x_wconf 89' lang='lat' dir='ltr'><strong>pe·</strong></span> 
     </span>
    </p>
   </div>
   <div class='ocr_carea' id='block_1_4' title="bbox 215 676 564 787">
    <p class='ocr_par' dir='ltr' id='par_1_4' title="bbox 215 676 564 787">
     <span class='ocr_line' id='line_1_4' title="bbox 215 676 564 787; baseline 0 -28"><span class='ocrx_word' id='word_1_13' title='bbox 215 676 564 787; x_wconf 30' lang='lat' dir='ltr'><strong>penderit&amp;</strong></span> 
     </span>
    </p>
   </div>
   <div class='ocr_carea' id='block_1_5' title="bbox 598 677 2325 820">
    <p class='ocr_par' dir='ltr' id='par_1_5' title="bbox 598 677 2325 820">
     <span class='ocr_line' id='line_1_5' title="bbox 598 677 2325 820; baseline 0.003 -62.059"><span class='ocrx_word' id='word_1_14' title='bbox 598 704 736 820; x_wconf 59' lang='lat' dir='ltr'><strong>6aut</strong></span> <span class='ocrx_word' id='word_1_15' title='bbox 788 687 1148 759; x_wconf 82' lang='lat' dir='ltr'><strong>vulneratis</strong></span> <span class='ocrx_word' id='word_1_16' title='bbox 1203 689 1484 786; x_wconf 88' lang='lat' dir='ltr'><strong>pedibus</strong></span> <span class='ocrx_word' id='word_1_17' title='bbox 1530 677 1983 781; x_wconf 82' lang='lat' dir='ltr'><strong>conculcata⁵‚</strong></span> <span class='ocrx_word' id='word_1_18' title='bbox 2026 707 2096 762; x_wconf 86' lang='lat' dir='ltr'><strong>et</strong></span> <span class='ocrx_word' id='word_1_19' title='bbox 2144 692 2325 786; x_wconf 90' lang='lat' dir='ltr'><strong>quod</strong></span> 
     </span>
    </p>
   </div>
   <div class='ocr_carea' id='block_1_6' title="bbox 213 781 2425 1745">
    <p class='ocr_par' dir='ltr' id='par_1_6' title="bbox 213 781 2425 1745">
     <span class='ocr_line' id='line_1_6' title="bbox 216 781 2326 891; baseline 0.001 -24"><span class='ocrx_word' id='word_1_20' title='bbox 216 781 624 867; x_wconf 81' lang='lat' dir='ltr'><strong>circumcisis⁶</strong></span> <span class='ocrx_word' id='word_1_21' title='bbox 675 797 963 867; x_wconf 85' lang='lat' dir='ltr'><strong>vinaceis</strong></span> <span class='ocrx_word' id='word_1_22' title='bbox 1025 796 1453 891; x_wconf 86' lang='lat' dir='ltr'><strong>profluxerit,</strong></span> <span class='ocrx_word' id='word_1_23' title='bbox 1516 812 1633 867; x_wconf 82' lang='lat' dir='ltr'><strong>aut</strong></span> <span class='ocrx_word' id='word_1_24' title='bbox 1689 821 1976 890; x_wconf 84' lang='lat' dir='ltr'><strong>superne</strong></span> <span class='ocrx_word' id='word_1_25' title='bbox 2040 798 2326 869; x_wconf 87' lang='lat' dir='ltr'><strong>deciduo</strong></span> 
     </span>
     <span class='ocr_line' id='line_1_7' title="bbox 215 901 2325 1023; baseline 0.002 -52"><span class='ocrx_word' id='word_1_26' title='bbox 215 903 630 975; x_wconf 86' lang='lat' dir='ltr'><strong>immundiore</strong></span> <span class='ocrx_word' id='word_1_27' title='bbox 656 901 848 997; x_wconf 82' lang='lat' dir='ltr'><strong>lapsu</strong></span> <span class='ocrx_word' id='word_1_28' title='bbox 889 901 1112 1023; x_wconf 82' lang='lat' dir='ltr'><strong>aliquo</strong></span> <span class='ocrx_word' id='word_1_29' title='bbox 1155 902 1431 999; x_wconf 84' lang='lat' dir='ltr'><strong>polluta.</strong></span> <span class='ocrx_word' id='word_1_30' title='bbox 1477 906 1649 973; x_wconf 83' lang='lat' dir='ltr'><strong>Item</strong></span> <span class='ocrx_word' id='word_1_31' title='bbox 1692 906 1967 991; x_wconf 83' lang='lat' dir='ltr'><strong>Graeca,</strong></span> <span class='ocrx_word' id='word_1_32' title='bbox 2010 907 2325 998; x_wconf 84' lang='lat' dir='ltr'><strong>quoniam</strong></span> 
     </span>
     <span class='ocr_line' id='line_1_8' title="bbox 215 1010 2325 1105; baseline 0.001 -26"><span class='ocrx_word' id='word_1_33' title='bbox 215 1034 428 1105; x_wconf 83' lang='lat' dir='ltr'><strong>aquam</strong></span> <span class='ocrx_word' id='word_1_34' title='bbox 487 1010 798 1080; x_wconf 82' lang='lat' dir='ltr'><strong>habeant.</strong></span> <span class='ocrx_word' id='word_1_35' title='bbox 847 1010 1024 1079; x_wconf 88' lang='lat' dir='ltr'><strong>Vitis</strong></span> <span class='ocrx_word' id='word_1_36' title='bbox 1083 1010 1228 1105; x_wconf 86' lang='lat' dir='ltr'><strong>ipsa</strong></span> <span class='ocrx_word' id='word_1_37' title='bbox 1286 1034 1552 1105; x_wconf 89' lang='lat' dir='ltr'><strong>quoque</strong></span> <span class='ocrx_word' id='word_1_38' title='bbox 1603 1010 1975 1098; x_wconf 84' lang='lat' dir='ltr'><strong>manditur,</strong></span> <span class='ocrx_word' id='word_1_39' title='bbox 2031 1011 2325 1082; x_wconf 86' lang='lat' dir='ltr'><strong>decoctis</strong></span> 
     </span>
     <span class='ocr_line' id='line_1_9' title="bbox 213 1115 2227 1210; baseline -0.001 -23"><span class='ocrx_word' id='word_1_40' title='bbox 213 1116 486 1187; x_wconf 80' lang='lat' dir='ltr'><strong>caulibus</strong></span> <span class='ocrx_word' id='word_1_41' title='bbox 511 1118 824 1200; x_wconf 83' lang='lat' dir='ltr'><strong>summis,</strong></span> <span class='ocrx_word' id='word_1_42' title='bbox 847 1116 962 1210; x_wconf 89' lang='lat' dir='ltr'><strong>qui</strong></span> <span class='ocrx_word' id='word_1_43' title='bbox 988 1130 1058 1185; x_wconf 86' lang='lat' dir='ltr'><strong>et</strong></span> <span class='ocrx_word' id='word_1_44' title='bbox 1082 1115 1489 1186; x_wconf 88' lang='lat' dir='ltr'><strong>condiuntur</strong></span> <span class='ocrx_word' id='word_1_45' title='bbox 1506 1116 1529 1155; x_wconf 90' lang='lat'>⁷</span> <span class='ocrx_word' id='word_1_46' title='bbox 1568 1118 1639 1184; x_wconf 89' lang='lat' dir='ltr'><strong>in</strong></span> <span class='ocrx_word' id='word_1_47' title='bbox 1666 1131 1859 1187; x_wconf 84' lang='lat' dir='ltr'><strong>aceto</strong></span> <span class='ocrx_word' id='word_1_48' title='bbox 1888 1141 1967 1188; x_wconf 89' lang='lat' dir='ltr'><strong>ac</strong></span> <span class='ocrx_word' id='word_1_49' title='bbox 1994 1118 2227 1186; x_wconf 85' lang='lat' dir='ltr'><strong>muria.</strong></span> 
     </span>
     <span class='ocr_line' id='line_1_10' title="bbox 282 1221 2425 1318; baseline -0 -21"><span class='ocrx_word' id='word_1_50' title='bbox 282 1225 552 1297; x_wconf 75' lang='lat' dir='ltr'><strong>XXIV.</strong></span> <span class='ocrx_word' id='word_1_51' title='bbox 581 1225 838 1293; x_wconf 88' lang='lat' dir='ltr'><strong>Verum</strong></span> <span class='ocrx_word' id='word_1_52' title='bbox 880 1238 948 1293; x_wconf 87' lang='lat' dir='ltr'><strong>et</strong></span> <span class='ocrx_word' id='word_1_53' title='bbox 989 1221 1072 1291; x_wconf 93' lang='lat' dir='ltr'><strong>de</strong></span> <span class='ocrx_word' id='word_1_54' title='bbox 1111 1236 1438 1318; x_wconf 83' lang='lat' dir='ltr'><strong>apparatu</strong></span> <span class='ocrx_word' id='word_1_55' title='bbox 1475 1223 1616 1291; x_wconf 89' lang='lat' dir='ltr'><strong>viui</strong></span> <span class='ocrx_word' id='word_1_56' title='bbox 1651 1221 1891 1292; x_wconf 80' lang='lat' dir='ltr'>dixisse</span> <span class='ocrx_word' id='word_1_57' title='bbox 1927 1226 2325 1312; x_wconf 84' lang='lat' dir='ltr'><strong>conveniat,</strong></span> <span class='ocrx_word' id='word_1_58' title='bbox 2366 1260 2389 1295; x_wconf 84' lang='lat'>1</span> <span class='ocrx_word' id='word_1_59' title='bbox 2418 1310 2425 1317; x_wconf 79' lang='lat'><strong>.</strong></span> 
     </span>
     <span class='ocr_line' id='line_1_11' title="bbox 215 1328 2331 1425; baseline 0.001 -26"><span class='ocrx_word' id='word_1_60' title='bbox 215 1352 396 1424; x_wconf 87' lang='lat' dir='ltr'><strong>quum</strong></span> <span class='ocrx_word' id='word_1_61' title='bbox 433 1330 652 1399; x_wconf 76' lang='lat' dir='ltr'><strong>Graeci</strong></span> <span class='ocrx_word' id='word_1_62' title='bbox 685 1330 994 1424; x_wconf 85' lang='lat' dir='ltr'><strong>privatim</strong></span> <span class='ocrx_word' id='word_1_63' title='bbox 1035 1354 1114 1398; x_wconf 89' lang='lat' dir='ltr'><strong>ea</strong></span> <span class='ocrx_word' id='word_1_64' title='bbox 1151 1344 1480 1425; x_wconf 83' lang='lat' dir='ltr'><strong>praecepta</strong></span> <span class='ocrx_word' id='word_1_65' title='bbox 1512 1328 1959 1415; x_wconf 83' lang='lat' dir='ltr'>condiderint,</span> <span class='ocrx_word' id='word_1_66' title='bbox 1986 1344 2331 1425; x_wconf 83' lang='lat' dir='ltr'><strong>artemque</strong></span> 
     </span>
     <span class='ocr_line' id='line_1_12' title="bbox 215 1435 2333 1530; baseline 0 -26"><span class='ocrx_word' id='word_1_67' title='bbox 215 1435 502 1523; x_wconf 85' lang='lat' dir='ltr'><strong>feceriut,</strong></span> <span class='ocrx_word' id='word_1_68' title='bbox 534 1437 710 1505; x_wconf 86' lang='lat' dir='ltr'><strong>sicut</strong></span> <span class='ocrx_word' id='word_1_69' title='bbox 735 1436 1196 1530; x_wconf 87' lang='lat' dir='ltr'><strong>Euphronius,</strong></span> <span class='ocrx_word' id='word_1_70' title='bbox 1231 1451 1299 1506; x_wconf 89' lang='lat' dir='ltr'><strong>et</strong></span> <span class='ocrx_word' id='word_1_71' title='bbox 1335 1436 1871 1523; x_wconf 74' lang='lat' dir='ltr'><strong>Aristomachu8‚</strong></span> <span class='ocrx_word' id='word_1_72' title='bbox 1904 1451 1971 1505; x_wconf 93' lang='lat' dir='ltr'><strong>et</strong></span> <span class='ocrx_word' id='word_1_73' title='bbox 2000 1438 2333 1508; x_wconf 85' lang='lat' dir='ltr'><strong>Commia-</strong></span> 
     </span>
     <span class='ocr_line' id='line_1_13' title="bbox 213 1540 2331 1673; baseline 0.002 -62"><span class='ocrx_word' id='word_1_74' title='bbox 213 1540 344 1630; x_wconf 68' lang='lat' dir='ltr'><strong>des,</strong></span> <span class='ocrx_word' id='word_1_75' title='bbox 381 1558 448 1613; x_wconf 87' lang='lat' dir='ltr'><strong>et</strong></span> <span class='ocrx_word' id='word_1_76' title='bbox 485 1544 806 1612; x_wconf 82' lang='lat' dir='ltr'><strong>Hicesius.</strong></span> <span class='ocrx_word' id='word_1_77' title='bbox 849 1541 1076 1613; x_wconf 84' lang='lat' dir='ltr'><strong>Africa</strong></span> <span class='ocrx_word' id='word_1_78' title='bbox 1115 1540 1360 1639; x_wconf 82' lang='lat' dir='ltr'><strong>gypso¹</strong></span> <span class='ocrx_word' id='word_1_79' title='bbox 1405 1543 1666 1673; x_wconf 48' lang='lat' dir='ltr'><strong>mitigat</strong></span> <span class='ocrx_word' id='word_1_80' title='bbox 1704 1546 2163 1637; x_wconf 80' lang='lat' dir='ltr'><strong>asperitatem,</strong></span> <span class='ocrx_word' id='word_1_81' title='bbox 2178 1566 2331 1615; x_wconf 86' lang='lat' dir='ltr'><strong>nec</strong></span> 
     </span>
     <span class='ocr_line' id='line_1_14' title="bbox 215 1620 2331 1745; baseline 0.001 -27"><span class='ocrx_word' id='word_1_82' title='bbox 215 1672 330 1718; x_wconf 87' lang='lat' dir='ltr'><strong>non</strong></span> <span class='ocrx_word' id='word_1_83' title='bbox 375 1620 702 1745; x_wconf 80' lang='lat' dir='ltr'><strong>aliquibus</strong></span> <span class='ocrx_word' id='word_1_84' title='bbox 757 1650 857 1717; x_wconf 91' lang='lat' dir='ltr'><strong>sui</strong></span> <span class='ocrx_word' id='word_1_85' title='bbox 883 1648 1240 1743; x_wconf 84' lang='lat' dir='ltr'><strong>partibus²</strong></span> <span class='ocrx_word' id='word_1_86' title='bbox 1284 1634 1525 1720; x_wconf 81' lang='lat' dir='ltr'><strong>calce³.</strong></span> <span class='ocrx_word' id='word_1_87' title='bbox 1577 1650 1843 1718; x_wconf 84' lang='lat' dir='ltr'><strong>Graecia</strong></span> <span class='ocrx_word' id='word_1_88' title='bbox 1890 1648 2165 1745; x_wconf 84' lang='lat' dir='ltr'><strong>argilla,</strong></span> <span class='ocrx_word' id='word_1_89' title='bbox 2212 1666 2331 1721; x_wconf 84' lang='lat' dir='ltr'><strong>aut</strong></span> 
     </span>
    </p>
   </div>
   <div class='ocr_carea' id='block_1_7' title="bbox 213 1828 1238 4131">
    <p class='ocr_par' dir='ltr' id='par_1_7' title="bbox 213 1828 1210 1903">
     <span class='ocr_line' id='line_1_15' title="bbox 213 1828 1210 1903; baseline -0.002 -18"><span class='ocrx_word' id='word_1_90' title='bbox 213 1850 304 1885; x_wconf 83' lang='lat' dir='ltr'><strong>non</strong></span> <span class='ocrx_word' id='word_1_91' title='bbox 322 1831 516 1887; x_wconf 84' lang='lat' dir='ltr'><strong>video·</strong></span> <span class='ocrx_word' id='word_1_92' title='bbox 501 1852 518 1887; x_wconf 74' lang='lat'><em>2</em></span> <span class='ocrx_word' id='word_1_93' title='bbox 565 1832 670 1885; x_wconf 84' lang='lat' dir='ltr'><strong>nisi</strong></span> <span class='ocrx_word' id='word_1_94' title='bbox 713 1828 862 1903; x_wconf 86' lang='lat' dir='ltr'><strong>quod</strong></span> <span class='ocrx_word' id='word_1_95' title='bbox 903 1850 1016 1884; x_wconf 87' lang='lat' dir='ltr'><strong>non</strong></span> <span class='ocrx_word' id='word_1_96' title='bbox 1050 1831 1210 1883; x_wconf 87' lang='lat' dir='ltr'><strong>iutel-</strong></span> 
     </span>
    </p>

    <p class='ocr_par' dir='ltr' id='par_1_8' title="bbox 213 1910 1222 2462">
     <span class='ocr_line' id='line_1_16' title="bbox 213 1910 1210 1985; baseline 0.003 -23"><span class='ocrx_word' id='word_1_97' title='bbox 213 1911 366 1966; x_wconf 82' lang='lat' dir='ltr'><strong>lexere</strong></span> <span class='ocrx_word' id='word_1_98' title='bbox 381 1930 502 1985; x_wconf 66' lang='lat' dir='ltr'><strong>qua</strong></span> <span class='ocrx_word' id='word_1_99' title='bbox 525 1912 608 1965; x_wconf 76' lang='lat' dir='ltr'><strong>vis</strong></span> <span class='ocrx_word' id='word_1_100' title='bbox 624 1912 676 1965; x_wconf 86' lang='lat' dir='ltr'><strong>ei</strong></span> <span class='ocrx_word' id='word_1_101' title='bbox 690 1913 794 1965; x_wconf 87' lang='lat' dir='ltr'><strong>hoc</strong></span> <span class='ocrx_word' id='word_1_102' title='bbox 813 1911 934 1965; x_wconf 84' lang='lat' dir='ltr'><strong>loco</strong></span> <span class='ocrx_word' id='word_1_103' title='bbox 955 1910 1210 1965; x_wconf 74' lang='lat' dir='ltr'><strong>subesset.</strong></span> 
     </span>
     <span class='ocr_line' id='line_1_17' title="bbox 217 1988 1212 2063; baseline 0 -20"><span class='ocrx_word' id='word_1_104' title='bbox 217 1990 376 2047; x_wconf 80' lang='lat' dir='ltr'><strong>Festus</strong></span> <span class='ocrx_word' id='word_1_105' title='bbox 423 2010 440 2045; x_wconf 69' lang='grc' dir='ltr'><strong><em>ε</em></strong></span> <span class='ocrx_word' id='word_1_106' title='bbox 496 2018 520 2041; x_wconf 79' lang='grc' dir='ltr'>ι</span> <span class='ocrx_word' id='word_1_107' title='bbox 554 1992 887 2063; x_wconf 83' lang='lat' dir='ltr'><strong>Imputatum</strong></span> <span class='ocrx_word' id='word_1_108' title='bbox 907 2028 924 2055; x_wconf 84' lang='lat'><strong>,</strong></span> <span class='ocrx_word' id='word_1_109' title='bbox 967 1988 1212 2043; x_wconf 88' lang='lat' dir='ltr'><strong>nondum</strong></span> 
     </span>
     <span class='ocr_line' id='line_1_18' title="bbox 213 2070 1214 2144; baseline -0.002 -19"><span class='ocrx_word' id='word_1_110' title='bbox 213 2085 494 2144; x_wconf 73' lang='lat' dir='ltr'><strong>purgatum.</strong></span> <span class='ocrx_word' id='word_1_111' title='bbox 512 2072 708 2125; x_wconf 84' lang='lat' dir='ltr'><strong>Putum</strong></span> <span class='ocrx_word' id='word_1_112' title='bbox 731 2070 875 2124; x_wconf 84' lang='lat' dir='ltr'><strong>enim</strong></span> <span class='ocrx_word' id='word_1_113' title='bbox 891 2084 968 2125; x_wconf 88' lang='lat' dir='ltr'><strong>est</strong></span> <span class='ocrx_word' id='word_1_114' title='bbox 981 2088 1178 2142; x_wconf 82' lang='lat' dir='ltr'><strong>purum</strong></span> <span class='ocrx_word' id='word_1_115' title='bbox 1199 2087 1214 2123; x_wconf 91' lang='lat'><strong>:</strong></span> 
     </span>
     <span class='ocr_line' id='line_1_19' title="bbox 215 2149 1214 2223; baseline -0.003 -18"><span class='ocrx_word' id='word_1_116' title='bbox 215 2150 337 2205; x_wconf 75' lang='lat' dir='ltr'><strong>unde</strong></span> <span class='ocrx_word' id='word_1_117' title='bbox 351 2166 540 2223; x_wconf 82' lang='lat' dir='ltr'><strong>putare</strong></span> <span class='ocrx_word' id='word_1_118' title='bbox 565 2152 696 2205; x_wconf 84' lang='lat' dir='ltr'><strong>vites</strong></span> <span class='ocrx_word' id='word_1_119' title='bbox 711 2149 938 2204; x_wconf 76' lang='lat' dir='ltr'><strong>dicimus</strong></span> <span class='ocrx_word' id='word_1_120' title='bbox 952 2190 969 2214; x_wconf 92' lang='lat'><strong>‚</strong></span> <span class='ocrx_word' id='word_1_121' title='bbox 985 2150 1090 2204; x_wconf 88' lang='lat' dir='ltr'><strong>hoc</strong></span> <span class='ocrx_word' id='word_1_122' title='bbox 1107 2162 1214 2215; x_wconf 77' lang='lat' dir='ltr'><strong>est,</strong></span> 
     </span>
     <span class='ocr_line' id='line_1_20' title="bbox 214 2228 1220 2303; baseline -0.002 -18"><span class='ocrx_word' id='word_1_123' title='bbox 214 2228 499 2296; x_wconf 74' lang='lat' dir='ltr'><strong>detrahere,</strong></span> <span class='ocrx_word' id='word_1_124' title='bbox 529 2249 649 2303; x_wconf 66' lang='lat' dir='ltr'><strong>quaa</strong></span> <span class='ocrx_word' id='word_1_125' title='bbox 680 2244 804 2283; x_wconf 85' lang='lat' dir='ltr'><strong>sunt</strong></span> <span class='ocrx_word' id='word_1_126' title='bbox 829 2230 1220 2301; x_wconf 85' lang='lat' dir='ltr'><strong>impedimento</strong></span> 
     </span>
     <span class='ocr_line' id='line_1_21' title="bbox 215 2308 1222 2381; baseline -0.004 -16"><span class='ocrx_word' id='word_1_127' title='bbox 215 2308 566 2367; x_wconf 70' lang='lat' dir='ltr'><strong>adh-netum.-</strong></span> <span class='ocrx_word' id='word_1_128' title='bbox 587 2312 722 2376; x_wconf 73' lang='lat' dir='ltr'><strong>Quae</strong></span> <span class='ocrx_word' id='word_1_129' title='bbox 736 2329 902 2381; x_wconf 85' lang='lat' dir='ltr'><strong>porro</strong></span> <span class='ocrx_word' id='word_1_130' title='bbox 931 2310 1054 2363; x_wconf 87' lang='lat' dir='ltr'><strong>vina</strong></span> <span class='ocrx_word' id='word_1_131' title='bbox 1073 2308 1222 2363; x_wconf 75' lang='lat' dir='ltr'><strong>nefas</strong></span> 
     </span>
     <span class='ocr_line' id='line_1_22' title="bbox 214 2389 1222 2462; baseline -0.002 -19"><span class='ocrx_word' id='word_1_132' title='bbox 214 2390 358 2447; x_wconf 73' lang='lat' dir='ltr'><strong>liba-e</strong></span> <span class='ocrx_word' id='word_1_133' title='bbox 377 2390 512 2456; x_wconf 82' lang='lat' dir='ltr'><strong>diis,</strong></span> <span class='ocrx_word' id='word_1_134' title='bbox 551 2391 716 2462; x_wconf 85' lang='lat' dir='ltr'><strong>paulo</strong></span> <span class='ocrx_word' id='word_1_135' title='bbox 737 2390 890 2444; x_wconf 84' lang='lat' dir='ltr'><strong>aliter</strong></span> <span class='ocrx_word' id='word_1_136' title='bbox 909 2389 1090 2443; x_wconf 84' lang='lat' dir='ltr'><strong>Labeo</strong></span> <span class='ocrx_word' id='word_1_137' title='bbox 1109 2390 1222 2441; x_wconf 80' lang='lat' dir='ltr'><strong>An·</strong></span> 
     </span>
    </p>

    <p class='ocr_par' dir='ltr' id='par_1_9' title="bbox 217 2469 1218 2543">
     <span class='ocr_line' id='line_1_23' title="bbox 217 2469 1218 2543; baseline -0.003 -20"><span class='ocrx_word' id='word_1_138' title='bbox 217 2470 362 2525; x_wconf 70' lang='lat' dir='ltr'><strong>tinius</strong></span> <span class='ocrx_word' id='word_1_139' title='bbox 420 2469 568 2543; x_wconf 87' lang='lat' dir='ltr'><strong>apud</strong></span> <span class='ocrx_word' id='word_1_140' title='bbox 627 2469 880 2524; x_wconf 86' lang='lat' dir='ltr'><strong>eumdem</strong></span> <span class='ocrx_word' id='word_1_141' title='bbox 953 2469 1166 2523; x_wconf 82' lang='lat' dir='ltr'><strong>Festum</strong></span> <span class='ocrx_word' id='word_1_142' title='bbox 1203 2486 1218 2521; x_wconf 74' lang='grc' dir='ltr'><strong><em>ε</em></strong></span> 
     </span>
    </p>

    <p class='ocr_par' dir='ltr' id='par_1_10' title="bbox 218 2549 1223 3103">
     <span class='ocr_line' id='line_1_24' title="bbox 223 2549 1220 2622; baseline -0.005 -15.729"><span class='ocrx_word' id='word_1_143' title='bbox 223 2552 571 2622; x_wconf 81' lang='lat' dir='ltr'><strong>-Spurcum,</strong></span> <span class='ocrx_word' id='word_1_144' title='bbox 621 2550 829 2621; x_wconf 88' lang='lat' dir='ltr'><strong>inquit,</strong></span> <span class='ocrx_word' id='word_1_145' title='bbox 885 2549 1074 2602; x_wconf 84' lang='lat' dir='ltr'><strong>vinum</strong></span> <span class='ocrx_word' id='word_1_146' title='bbox 1115 2561 1220 2613; x_wconf 84' lang='lat' dir='ltr'><strong>est,</strong></span> 
     </span>
     <span class='ocr_line' id='line_1_25' title="bbox 218 2628 1220 2701; baseline -0.006 -15"><span class='ocrx_word' id='word_1_147' title='bbox 218 2630 343 2701; x_wconf 76' lang='lat' dir='ltr'><strong>quod</strong></span> <span class='ocrx_word' id='word_1_148' title='bbox 365 2632 528 2685; x_wconf 84' lang='lat' dir='ltr'><strong>sacris</strong></span> <span class='ocrx_word' id='word_1_149' title='bbox 556 2628 803 2684; x_wconf 83' lang='lat' dir='ltr'><strong>adhiberi</strong></span> <span class='ocrx_word' id='word_1_150' title='bbox 827 2648 941 2681; x_wconf 86' lang='lat' dir='ltr'><strong>non</strong></span> <span class='ocrx_word' id='word_1_151' title='bbox 969 2629 1128 2695; x_wconf 85' lang='lat' dir='ltr'><strong>licet;</strong></span> <span class='ocrx_word' id='word_1_152' title='bbox 1160 2639 1220 2681; x_wconf 88' lang='lat' dir='ltr'><strong>ut</strong></span> 
     </span>
     <span class='ocr_line' id='line_1_26' title="bbox 218 2668 1222 2774; baseline 0 -13"><span class='ocrx_word' id='word_1_153' title='bbox 218 2710 279 2763; x_wconf 84' lang='lat' dir='ltr'><strong>ait</strong></span> <span class='ocrx_word' id='word_1_154' title='bbox 304 2713 478 2765; x_wconf 67' lang='lat' dir='ltr'><strong>labeo</strong></span> <span class='ocrx_word' id='word_1_155' title='bbox 507 2710 809 2774; x_wconf 71' lang='lat' dir='ltr'><strong>Antistius,</strong></span> <span class='ocrx_word' id='word_1_156' title='bbox 837 2708 976 2761; x_wconf 87' lang='lat' dir='ltr'><strong>libro</strong></span> <span class='ocrx_word' id='word_1_157' title='bbox 1007 2668 1222 2761; x_wconf 82' lang='lat' dir='ltr'><strong>decimo</strong></span> 
     </span>
     <span class='ocr_line' id='line_1_27' title="bbox 220 2787 1222 2862; baseline -0.004 -19"><span class='ocrx_word' id='word_1_158' title='bbox 220 2788 578 2845; x_wconf 78' lang='lat' dir='ltr'><strong>commentarii</strong></span> <span class='ocrx_word' id='word_1_159' title='bbox 610 2790 745 2862; x_wconf 86' lang='lat' dir='ltr'><strong>juris</strong></span> <span class='ocrx_word' id='word_1_160' title='bbox 787 2788 1100 2842; x_wconf 85' lang='lat' dir='ltr'><strong>Pontificii:</strong></span> <span class='ocrx_word' id='word_1_161' title='bbox 1133 2787 1222 2840; x_wconf 89' lang='lat' dir='ltr'><strong>cui</strong></span> 
     </span>
     <span class='ocr_line' id='line_1_28' title="bbox 220 2866 1216 2940; baseline -0.009 -12"><span class='ocrx_word' id='word_1_162' title='bbox 220 2886 333 2940; x_wconf 64' lang='lat' dir='ltr'><strong>tque</strong></span> <span class='ocrx_word' id='word_1_163' title='bbox 371 2870 610 2927; x_wconf 78' lang='lat' dir='ltr'><strong>admixta</strong></span> <span class='ocrx_word' id='word_1_164' title='bbox 654 2882 768 2935; x_wconf 86' lang='lat' dir='ltr'><strong>est,</strong></span> <span class='ocrx_word' id='word_1_165' title='bbox 831 2866 1216 2921; x_wconf 79' lang='lat' dir='ltr'><strong>defrutumve·</strong></span> <span class='ocrx_word' id='word_1_166' title='bbox 1203 2904 1216 2919; x_wconf 90' lang='lat'><strong>.</strong></span> 
     </span>
     <span class='ocr_line' id='line_1_29' title="bbox 220 2952 1223 3022; baseline -0.001 -21"><span class='ocrx_word' id='word_1_167' title='bbox 220 2962 296 3003; x_wconf 81' lang='lat' dir='ltr'><strong>aut</strong></span> <span class='ocrx_word' id='word_1_168' title='bbox 339 2952 460 3022; x_wconf 73' lang='lat' dir='ltr'><strong>igne</strong></span> <span class='ocrx_word' id='word_1_169' title='bbox 507 2962 708 3005; x_wconf 83' lang='lat' dir='ltr'><strong>tactum</strong></span> <span class='ocrx_word' id='word_1_170' title='bbox 747 2960 827 3001; x_wconf 83' lang='lat' dir='ltr'><strong>est</strong></span> <span class='ocrx_word' id='word_1_171' title='bbox 847 2986 864 3012; x_wconf 84' lang='lat'><strong>,</strong></span> <span class='ocrx_word' id='word_1_172' title='bbox 919 2960 1223 3001; x_wconf 80' lang='lat' dir='ltr'><strong>mustumve</strong></span> 
     </span>
     <span class='ocr_line' id='line_1_30' title="bbox 221 3028 1058 3103; baseline -0.002 -21"><span class='ocrx_word' id='word_1_173' title='bbox 221 3043 322 3085; x_wconf 80' lang='lat' dir='ltr'><strong>ante</strong></span> <span class='ocrx_word' id='word_1_174' title='bbox 349 3048 508 3103; x_wconf 77' lang='lat' dir='ltr'><strong>qmm</strong></span> <span class='ocrx_word' id='word_1_175' title='bbox 547 3029 892 3083; x_wconf 75' lang='lat' dir='ltr'><strong>defervescat.</strong></span> <span class='ocrx_word' id='word_1_176' title='bbox 927 3052 950 3075; x_wconf 76' lang='lat' dir='ltr'><strong>a·</strong></span> <span class='ocrx_word' id='word_1_177' title='bbox 989 3028 1058 3081; x_wconf 81' lang='grc' dir='ltr'><strong><em>Η.</em></strong></span> 
     </span>
    </p>

    <p class='ocr_par' dir='ltr' id='par_1_11' title="bbox 223 3107 1236 3643">
     <span class='ocr_line' id='line_1_31' title="bbox 288 3107 1224 3178; baseline -0.004 -15"><span class='ocrx_word' id='word_1_178' title='bbox 288 3129 332 3164; x_wconf 79' lang='lat' dir='ltr'><strong>a.</strong></span> <span class='ocrx_word' id='word_1_179' title='bbox 357 3110 579 3163; x_wconf 74' lang='lat' dir='ltr'><strong>Fulmina</strong></span> <span class='ocrx_word' id='word_1_180' title='bbox 619 3121 779 3161; x_wconf 78' lang='lat' dir='ltr'><strong>tactoe.</strong></span> <span class='ocrx_word' id='word_1_181' title='bbox 827 3107 996 3178; x_wconf 82' lang='lat' dir='ltr'><strong>Cujus</strong></span> <span class='ocrx_word' id='word_1_182' title='bbox 1037 3107 1224 3159; x_wconf 85' lang='lat' dir='ltr'><strong>viuum</strong></span> 
     </span>
     <span class='ocr_line' id='line_1_32' title="bbox 229 3186 1236 3259; baseline -0.002 -18"><span class='ocrx_word' id='word_1_183' title='bbox 229 3187 334 3245; x_wconf 81' lang='lat' dir='ltr'><strong>ideo</strong></span> <span class='ocrx_word' id='word_1_184' title='bbox 371 3190 717 3252; x_wconf 84' lang='lat' dir='ltr'><strong>damnatum,</strong></span> <span class='ocrx_word' id='word_1_185' title='bbox 752 3186 926 3259; x_wconf 89' lang='lat' dir='ltr'><strong>quod,</strong></span> <span class='ocrx_word' id='word_1_186' title='bbox 967 3199 1028 3240; x_wconf 90' lang='lat' dir='ltr'><strong>ut</strong></span> <span class='ocrx_word' id='word_1_187' title='bbox 1049 3186 1236 3241; x_wconf 80' lang='lat' dir='ltr'><strong>scribit</strong></span> 
     </span>
     <span class='ocr_line' id='line_1_33' title="bbox 223 3267 1230 3335; baseline -0.004 -12"><span class='ocrx_word' id='word_1_188' title='bbox 223 3267 394 3323; x_wconf 83' lang='lat' dir='ltr'><strong>Seneca</strong></span> <span class='ocrx_word' id='word_1_189' title='bbox 417 3308 436 3335; x_wconf 91' lang='lat'>‚</span> <span class='ocrx_word' id='word_1_190' title='bbox 475 3269 724 3323; x_wconf 76' lang='lat' dir='ltr'><strong>Natural.</strong></span> <span class='ocrx_word' id='word_1_191' title='bbox 764 3268 966 3333; x_wconf 71' lang='lat' dir='ltr'><strong>Quoest.</strong></span> <span class='ocrx_word' id='word_1_192' title='bbox 1000 3267 1101 3320; x_wconf 84' lang='lat' dir='ltr'><strong>lib.</strong></span> <span class='ocrx_word' id='word_1_193' title='bbox 1143 3267 1230 3331; x_wconf 88' lang='lat'><strong>11,</strong></span> 
     </span>
     <span class='ocr_line' id='line_1_34' title="bbox 223 3346 1232 3421; baseline -0.002 -20"><span class='ocrx_word' id='word_1_194' title='bbox 223 3366 324 3420; x_wconf 80' lang='lat' dir='ltr'><strong>cap.</strong></span> <span class='ocrx_word' id='word_1_195' title='bbox 341 3352 410 3404; x_wconf 74' lang='lat'><strong>32</strong></span> <span class='ocrx_word' id='word_1_196' title='bbox 429 3388 446 3415; x_wconf 94' lang='lat'><strong><em>‚</em></strong></span> <span class='ocrx_word' id='word_1_197' title='bbox 469 3368 598 3421; x_wconf 78' lang='lat' dir='ltr'><strong>pag.</strong></span> <span class='ocrx_word' id='word_1_198' title='bbox 620 3347 762 3412; x_wconf 84' lang='lat'><strong>858,</strong></span> <span class='ocrx_word' id='word_1_199' title='bbox 797 3372 820 3395; x_wconf 78' lang='grc' dir='ltr'>ι</span> <span class='ocrx_word' id='word_1_200' title='bbox 843 3346 1071 3401; x_wconf 77' lang='lat' dir='ltr'><strong>fulmine</strong></span> <span class='ocrx_word' id='word_1_201' title='bbox 1093 3346 1232 3417; x_wconf 74' lang='lat' dir='ltr'><strong>gela·</strong></span> 
     </span>
     <span class='ocr_line' id='line_1_35' title="bbox 225 3426 1230 3503; baseline -0.002 -22"><span class='ocrx_word' id='word_1_202' title='bbox 225 3438 348 3495; x_wconf 82' lang='lat' dir='ltr'><strong>tum,</strong></span> <span class='ocrx_word' id='word_1_203' title='bbox 389 3448 558 3503; x_wconf 82' lang='lat' dir='ltr'><strong>quum</strong></span> <span class='ocrx_word' id='word_1_204' title='bbox 600 3427 670 3483; x_wconf 81' lang='lat' dir='ltr'><strong>ad</strong></span> <span class='ocrx_word' id='word_1_205' title='bbox 712 3427 950 3498; x_wconf 84' lang='lat' dir='ltr'><strong>priorem</strong></span> <span class='ocrx_word' id='word_1_206' title='bbox 988 3426 1230 3480; x_wconf 85' lang='lat' dir='ltr'><strong>habitum</strong></span> 
     </span>
     <span class='ocr_line' id='line_1_36' title="bbox 227 3506 1230 3581; baseline -0.001 -21"><span class='ocrx_word' id='word_1_207' title='bbox 227 3506 374 3567; x_wconf 76' lang='lat' dir='ltr'><strong>redit.</strong></span> <span class='ocrx_word' id='word_1_208' title='bbox 410 3522 630 3581; x_wconf 81' lang='lat' dir='ltr'><strong>potum,</strong></span> <span class='ocrx_word' id='word_1_209' title='bbox 673 3520 766 3562; x_wconf 87' lang='lat' dir='ltr'><strong>aut</strong></span> <span class='ocrx_word' id='word_1_210' title='bbox 799 3506 1062 3561; x_wconf 81' lang='lat' dir='ltr'><strong>exanimat</strong></span> <span class='ocrx_word' id='word_1_211' title='bbox 1081 3545 1098 3572; x_wconf 90' lang='lat'><strong><em>‚</em></strong></span> <span class='ocrx_word' id='word_1_212' title='bbox 1137 3518 1230 3559; x_wconf 86' lang='lat' dir='ltr'><strong>aut</strong></span> 
     </span>
     <span class='ocr_line' id='line_1_37' title="bbox 231 3584 908 3643; baseline -0.006 -1"><span class='ocrx_word' id='word_1_213' title='bbox 231 3584 482 3643; x_wconf 79' lang='lat' dir='ltr'><strong>dementes</strong></span> <span class='ocrx_word' id='word_1_214' title='bbox 497 3590 644 3643; x_wconf 79' lang='lat' dir='ltr'><strong>facit.</strong></span> <span class='ocrx_word' id='word_1_215' title='bbox 669 3614 693 3635; x_wconf 74' lang='grc' dir='ltr'>ι</span> <span class='ocrx_word' id='word_1_216' title='bbox 727 3585 908 3639; x_wconf 72' lang='grc' dir='ltr'><strong><em>ΗΑιιι).</em></strong></span> 
     </span>
    </p>

    <p class='ocr_par' dir='ltr' id='par_1_12' title="bbox 227 3666 1231 3894">
     <span class='ocr_line' id='line_1_38' title="bbox 293 3666 1228 3742; baseline -0.002 -22"><span class='ocrx_word' id='word_1_217' title='bbox 293 3668 342 3722; x_wconf 82' lang='grc'><strong><em>3.</em></strong></span> <span class='ocrx_word' id='word_1_218' title='bbox 357 3670 788 3742; x_wconf 69' lang='lat' dir='ltr'><strong>Quamquejuoeta.</strong></span> <span class='ocrx_word' id='word_1_219' title='bbox 803 3666 876 3719; x_wconf 89' lang='lat' dir='ltr'><strong>Et</strong></span> <span class='ocrx_word' id='word_1_220' title='bbox 889 3668 1044 3736; x_wconf 78' lang='lat' dir='ltr'><strong>juxta</strong></span> <span class='ocrx_word' id='word_1_221' title='bbox 1065 3683 1228 3737; x_wconf 80' lang='lat' dir='ltr'><strong>quam</strong></span> 
     </span>
     <span class='ocr_line' id='line_1_39' title="bbox 227 3745 1231 3817; baseline 0 -18"><span class='ocrx_word' id='word_1_222' title='bbox 227 3751 408 3803; x_wconf 75' lang='lat' dir='ltr'><strong>mortui</strong></span> <span class='ocrx_word' id='word_1_223' title='bbox 429 3748 666 3803; x_wconf 82' lang='lat' dir='ltr'><strong>hominis</strong></span> <span class='ocrx_word' id='word_1_224' title='bbox 689 3745 913 3803; x_wconf 83' lang='lat' dir='ltr'><strong>cadaver</strong></span> <span class='ocrx_word' id='word_1_225' title='bbox 933 3746 1124 3817; x_wconf 86' lang='lat' dir='ltr'><strong>laqueo</strong></span> <span class='ocrx_word' id='word_1_226' title='bbox 1142 3763 1231 3817; x_wconf 85' lang='lat' dir='ltr'><strong>pe-</strong></span> 
     </span>
     <span class='ocr_line' id='line_1_40' title="bbox 229 3826 682 3894; baseline 0.002 -13"><span class='ocrx_word' id='word_1_227' title='bbox 229 3826 470 3894; x_wconf 81' lang='lat' dir='ltr'><strong>penderit.</strong></span> <span class='ocrx_word' id='word_1_228' title='bbox 497 3826 682 3882; x_wconf 79' lang='lat' dir='ltr'><strong>Eum.</strong></span> 
     </span>
    </p>

    <p class='ocr_par' dir='ltr' id='par_1_13' title="bbox 232 3904 1238 4131">
     <span class='ocr_line' id='line_1_41' title="bbox 297 3904 1226 3979; baseline -0.003 -18"><span class='ocrx_word' id='word_1_229' title='bbox 297 3916 346 3971; x_wconf 77' lang='grc'><strong><em>4.</em></strong></span> <span class='ocrx_word' id='word_1_230' title='bbox 359 3908 584 3961; x_wconf 74' lang='lat' dir='ltr'><strong>Hominis</strong></span> <span class='ocrx_word' id='word_1_231' title='bbox 601 3926 726 3959; x_wconf 78' lang='lat' dir='ltr'><strong>mors</strong></span> <span class='ocrx_word' id='word_1_232' title='bbox 746 3907 916 3979; x_wconf 75' lang='lat' dir='ltr'><strong>laqueo</strong></span> <span class='ocrx_word' id='word_1_233' title='bbox 927 3904 1226 3977; x_wconf 76' lang='lat' dir='ltr'><strong>pependerit.</strong></span> 
     </span>
     <span class='ocr_line' id='line_1_42' title="bbox 232 3984 1238 4060; baseline -0.001 -21"><span class='ocrx_word' id='word_1_234' title='bbox 232 3986 480 4043; x_wconf 80' lang='lat' dir='ltr'><strong>Audacter</strong></span> <span class='ocrx_word' id='word_1_235' title='bbox 526 3985 744 4060; x_wconf 88' lang='lat' dir='ltr'><strong>quidem</strong></span> <span class='ocrx_word' id='word_1_236' title='bbox 762 4024 779 4053; x_wconf 88' lang='lat'><strong>,</strong></span> <span class='ocrx_word' id='word_1_237' title='bbox 819 3984 914 4041; x_wconf 87' lang='lat' dir='ltr'><strong>sed</strong></span> <span class='ocrx_word' id='word_1_238' title='bbox 969 3986 1238 4056; x_wconf 70' lang='lat' dir='ltr'><strong>eleganter</strong></span> 
     </span>
     <span class='ocr_line' id='line_1_43' title="bbox 233 4064 1116 4131; baseline -0.005 -10"><span class='ocrx_word' id='word_1_239' title='bbox 233 4080 318 4131; x_wconf 73' lang='lat' dir='ltr'><strong>pm</strong></span> <span class='ocrx_word' id='word_1_240' title='bbox 345 4068 524 4121; x_wconf 73' lang='lat' dir='ltr'><strong>homine</strong></span> <span class='ocrx_word' id='word_1_241' title='bbox 551 4078 738 4121; x_wconf 76' lang='lat' dir='ltr'><strong>mortuo</strong></span> <span class='ocrx_word' id='word_1_242' title='bbox 763 4064 987 4121; x_wconf 77' lang='lat' dir='ltr'><strong>dictum.</strong></span> <span class='ocrx_word' id='word_1_243' title='bbox 1011 4064 1116 4117; x_wconf 84' lang='lat' dir='ltr'><strong>En.</strong></span> 
     </span>
    </p>
   </div>
   <div class='ocr_carea' id='block_1_8' title="bbox 1297 1829 2353 4136">
    <p class='ocr_par' dir='ltr' id='par_1_14' title="bbox 1297 1829 2327 2043">
     <span class='ocr_line' id='line_1_44' title="bbox 1383 1829 2327 1906; baseline 0.004 -23"><span class='ocrx_word' id='word_1_244' title='bbox 1383 1829 1434 1883; x_wconf 79' lang='lat'><strong>5.</strong></span> <span class='ocrx_word' id='word_1_245' title='bbox 1487 1830 1803 1885; x_wconf 76' lang='lat' dir='ltr'><strong>Conculcata.</strong></span> <span class='ocrx_word' id='word_1_246' title='bbox 1856 1832 1937 1885; x_wconf 85' lang='lat' dir='ltr'><strong>Ita</strong></span> <span class='ocrx_word' id='word_1_247' title='bbox 1988 1832 2145 1887; x_wconf 82' lang='lat' dir='ltr'><strong>MSS.</strong></span> <span class='ocrx_word' id='word_1_248' title='bbox 2195 1834 2327 1906; x_wconf 74' lang='lat' dir='ltr'><strong>Reg.</strong></span> 
     </span>
     <span class='ocr_line' id='line_1_45' title="bbox 1299 1909 2325 1983; baseline 0.002 -20"><span class='ocrx_word' id='word_1_249' title='bbox 1299 1910 1456 1963; x_wconf 81' lang='lat' dir='ltr'><strong>colb.</strong></span> <span class='ocrx_word' id='word_1_250' title='bbox 1486 1910 1593 1963; x_wconf 82' lang='lat' dir='ltr'><strong>Th.</strong></span> <span class='ocrx_word' id='word_1_251' title='bbox 1616 1912 1738 1965; x_wconf 84' lang='lat' dir='ltr'><strong>Par.</strong></span> <span class='ocrx_word' id='word_1_252' title='bbox 1770 1909 2151 1983; x_wconf 72' lang='lat' dir='ltr'><strong>Subiutellige‚</strong></span> <span class='ocrx_word' id='word_1_253' title='bbox 2181 1913 2325 1967; x_wconf 82' lang='lat' dir='ltr'><strong>vina.</strong></span> 
     </span>
     <span class='ocr_line' id='line_1_46' title="bbox 1297 1989 1482 2043; baseline 0.005 -2"><span class='ocrx_word' id='word_1_254' title='bbox 1297 1989 1482 2043; x_wconf 62' lang='lat' dir='ltr'><strong>Han.</strong></span> 
     </span>
    </p>

    <p class='ocr_par' dir='ltr' id='par_1_15' title="bbox 1299 2068 2351 2622">
     <span class='ocr_line' id='line_1_47' title="bbox 1385 2068 2331 2125; baseline 0.003 -3"><span class='ocrx_word' id='word_1_255' title='bbox 1385 2073 1438 2122; x_wconf 83' lang='lat'><strong>6.</strong></span> <span class='ocrx_word' id='word_1_256' title='bbox 1485 2068 1791 2123; x_wconf 74' lang='lat' dir='ltr'><strong>circumcisis</strong></span> <span class='ocrx_word' id='word_1_257' title='bbox 1822 2073 2053 2123; x_wconf 74' lang='lat' dir='ltr'><strong>vinaceis.</strong></span> <span class='ocrx_word' id='word_1_258' title='bbox 2090 2071 2331 2125; x_wconf 80' lang='lat' dir='ltr'><strong>Mustum</strong></span> 
     </span>
     <span class='ocr_line' id='line_1_48' title="bbox 1300 2147 2333 2222; baseline 0.004 -21"><span class='ocrx_word' id='word_1_259' title='bbox 1300 2147 1358 2201; x_wconf 86' lang='lat' dir='ltr'><strong>id</strong></span> <span class='ocrx_word' id='word_1_260' title='bbox 1399 2148 1659 2201; x_wconf 80' lang='lat' dir='ltr'><strong>tortivum</strong></span> <span class='ocrx_word' id='word_1_261' title='bbox 1706 2162 1901 2205; x_wconf 82' lang='lat' dir='ltr'><strong>vocant</strong></span> <span class='ocrx_word' id='word_1_262' title='bbox 1922 2189 1937 2212; x_wconf 87' lang='lat'><strong>,</strong></span> <span class='ocrx_word' id='word_1_263' title='bbox 2000 2150 2147 2222; x_wconf 85' lang='lat' dir='ltr'><strong>quod</strong></span> <span class='ocrx_word' id='word_1_264' title='bbox 2206 2164 2333 2222; x_wconf 89' lang='lat' dir='ltr'><strong>post</strong></span> 
     </span>
     <span class='ocr_line' id='line_1_49' title="bbox 1299 2228 2333 2300; baseline 0.004 -19"><span class='ocrx_word' id='word_1_265' title='bbox 1299 2228 1529 2300; x_wconf 83' lang='lat' dir='ltr'><strong>primam</strong></span> <span class='ocrx_word' id='word_1_266' title='bbox 1556 2246 1855 2300; x_wconf 78' lang='lat' dir='ltr'><strong>pressuram</strong></span> <span class='ocrx_word' id='word_1_267' title='bbox 1871 2229 2211 2283; x_wconf 75' lang='lat' dir='ltr'><strong>vinaceorum</strong></span> <span class='ocrx_word' id='word_1_268' title='bbox 2230 2232 2333 2285; x_wconf 86' lang='lat' dir='ltr'><strong>cir·</strong></span> 
     </span>
     <span class='ocr_line' id='line_1_50' title="bbox 1301 2306 2331 2383; baseline 0.002 -20"><span class='ocrx_word' id='word_1_269' title='bbox 1301 2308 1541 2363; x_wconf 84' lang='lat' dir='ltr'><strong>cumciso</strong></span> <span class='ocrx_word' id='word_1_270' title='bbox 1580 2306 1721 2379; x_wconf 85' lang='lat' dir='ltr'><strong>pede</strong></span> <span class='ocrx_word' id='word_1_271' title='bbox 1759 2309 2080 2379; x_wconf 82' lang='lat' dir='ltr'><strong>exprimitur</strong></span> <span class='ocrx_word' id='word_1_272' title='bbox 2097 2349 2114 2374; x_wconf 86' lang='lat'><strong>,</strong></span> <span class='ocrx_word' id='word_1_273' title='bbox 2153 2310 2331 2383; x_wconf 86' lang='lat' dir='ltr'><strong>iuquit</strong></span> 
     </span>
     <span class='ocr_line' id='line_1_51' title="bbox 1304 2387 2349 2461; baseline 0.002 -18"><span class='ocrx_word' id='word_1_274' title='bbox 1304 2387 1605 2443; x_wconf 79' lang='lat' dir='ltr'><strong>Columella</strong></span> <span class='ocrx_word' id='word_1_275' title='bbox 1628 2388 1753 2453; x_wconf 87' lang='lat' dir='ltr'><strong>,lib.</strong></span> <span class='ocrx_word' id='word_1_276' title='bbox 1774 2389 1883 2441; x_wconf 80' lang='grc' dir='ltr'><strong>ΧΠ</strong></span> <span class='ocrx_word' id='word_1_277' title='bbox 1898 2428 1913 2456; x_wconf 87' lang='grc'><strong>,</strong></span> <span class='ocrx_word' id='word_1_278' title='bbox 1934 2409 2051 2461; x_wconf 89' lang='lat' dir='ltr'><strong>cap.</strong></span> <span class='ocrx_word' id='word_1_279' title='bbox 2078 2388 2176 2444; x_wconf 82' lang='lat'><strong>6⁵.</strong></span> <span class='ocrx_word' id='word_1_280' title='bbox 2202 2392 2349 2445; x_wconf 82' lang='lat' dir='ltr'><strong>Tor·</strong></span> 
     </span>
     <span class='ocr_line' id='line_1_52' title="bbox 1303 2468 2351 2526; baseline 0.004 -5"><span class='ocrx_word' id='word_1_281' title='bbox 1303 2468 1475 2521; x_wconf 88' lang='lat' dir='ltr'><strong>tivum</strong></span> <span class='ocrx_word' id='word_1_282' title='bbox 1489 2480 1724 2521; x_wconf 84' lang='lat' dir='ltr'><strong>mustum</strong></span> <span class='ocrx_word' id='word_1_283' title='bbox 1739 2469 2223 2523; x_wconf 84' lang='lat' dir='ltr'><strong>circumcidaneum</strong></span> <span class='ocrx_word' id='word_1_284' title='bbox 2238 2470 2319 2526; x_wconf 83' lang='lat' dir='ltr'><strong>Ca</strong></span> <span class='ocrx_word' id='word_1_285' title='bbox 2330 2500 2351 2513; x_wconf 91' lang='lat'><strong>·</strong></span> 
     </span>
     <span class='ocr_line' id='line_1_53' title="bbox 1305 2548 2348 2622; baseline 0.004 -21"><span class='ocrx_word' id='word_1_286' title='bbox 1305 2560 1364 2601; x_wconf 91' lang='lat' dir='ltr'><strong>to</strong></span> <span class='ocrx_word' id='word_1_287' title='bbox 1389 2548 1624 2620; x_wconf 85' lang='lat' dir='ltr'><strong>appellat</strong></span> <span class='ocrx_word' id='word_1_288' title='bbox 1649 2565 1771 2619; x_wconf 87' lang='lat' dir='ltr'><strong>cap.</strong></span> <span class='ocrx_word' id='word_1_289' title='bbox 1797 2567 1969 2615; x_wconf 80' lang='lat' dir='ltr'><strong>xxm,</strong></span> <span class='ocrx_word' id='word_1_290' title='bbox 1998 2566 2115 2622; x_wconf 77' lang='lat' dir='ltr'><strong>pag.</strong></span> <span class='ocrx_word' id='word_1_291' title='bbox 2150 2556 2241 2604; x_wconf 78' lang='lat'><strong>26.</strong></span> <span class='ocrx_word' id='word_1_292' title='bbox 2266 2551 2348 2605; x_wconf 83' lang='grc' dir='ltr'><strong><em>Η.</em></strong></span> 
     </span>
    </p>

    <p class='ocr_par' dir='ltr' id='par_1_16' title="bbox 1306 2628 2351 2931">
     <span class='ocr_line' id='line_1_54' title="bbox 1390 2628 2351 2698; baseline 0.002 -18"><span class='ocrx_word' id='word_1_293' title='bbox 1390 2648 1444 2698; x_wconf 91' lang='lat'><strong>7.</strong></span> <span class='ocrx_word' id='word_1_294' title='bbox 1482 2629 1588 2697; x_wconf 74' lang='lat' dir='ltr'><strong>Qui</strong></span> <span class='ocrx_word' id='word_1_295' title='bbox 1625 2639 1673 2678; x_wconf 78' lang='lat' dir='ltr'><strong>et</strong></span> <span class='ocrx_word' id='word_1_296' title='bbox 1704 2628 1996 2681; x_wconf 70' lang='lat' dir='ltr'><strong>condiunmr</strong></span> <span class='ocrx_word' id='word_1_297' title='bbox 2026 2633 2078 2681; x_wconf 75' lang='lat' dir='ltr'><strong>in</strong></span> <span class='ocrx_word' id='word_1_298' title='bbox 2117 2642 2255 2683; x_wconf 77' lang='lat' dir='ltr'><strong>aceto</strong></span> <span class='ocrx_word' id='word_1_299' title='bbox 2283 2651 2351 2684; x_wconf 80' lang='lat' dir='ltr'><strong>ac</strong></span> 
     </span>
     <span class='ocr_line' id='line_1_55' title="bbox 1308 2705 2350 2765; baseline 0.006 -6"><span class='ocrx_word' id='word_1_300' title='bbox 1308 2712 1479 2761; x_wconf 73' lang='lat' dir='ltr'><strong>muria.</strong></span> <span class='ocrx_word' id='word_1_301' title='bbox 1535 2705 1841 2762; x_wconf 86' lang='lat' dir='ltr'><strong>Condieudi</strong></span> <span class='ocrx_word' id='word_1_302' title='bbox 1895 2706 2119 2762; x_wconf 88' lang='lat' dir='ltr'><strong>modum</strong></span> <span class='ocrx_word' id='word_1_303' title='bbox 2177 2708 2350 2765; x_wconf 87' lang='lat' dir='ltr'><strong>Colu-</strong></span> 
     </span>
     <span class='ocr_line' id='line_1_56' title="bbox 1306 2785 2345 2862; baseline 0.005 -23"><span class='ocrx_word' id='word_1_304' title='bbox 1306 2788 1464 2841; x_wconf 81' lang='lat' dir='ltr'><strong>mella</strong></span> <span class='ocrx_word' id='word_1_305' title='bbox 1483 2785 1699 2859; x_wconf 83' lang='lat' dir='ltr'><strong>expedit</strong></span> <span class='ocrx_word' id='word_1_306' title='bbox 1720 2788 1817 2841; x_wconf 88' lang='lat' dir='ltr'><strong>lib.</strong></span> <span class='ocrx_word' id='word_1_307' title='bbox 1842 2788 1967 2853; x_wconf 85' lang='lat' dir='ltr'><strong>XII,</strong></span> <span class='ocrx_word' id='word_1_308' title='bbox 1994 2807 2112 2861; x_wconf 80' lang='lat' dir='ltr'><strong>cup.</strong></span> <span class='ocrx_word' id='word_1_309' title='bbox 2146 2808 2201 2860; x_wconf 87' lang='lat'><strong>7,</strong></span> <span class='ocrx_word' id='word_1_310' title='bbox 2220 2809 2345 2862; x_wconf 79' lang='lat' dir='ltr'><strong>pag.</strong></span> 
     </span>
     <span class='ocr_line' id='line_1_57' title="bbox 1313 2868 1664 2931; baseline -0.006 -9"><span class='ocrx_word' id='word_1_311' title='bbox 1313 2870 1444 2931; x_wconf 71' lang='lat'><strong>416.</strong></span> <span class='ocrx_word' id='word_1_312' title='bbox 1479 2868 1664 2921; x_wconf 70' lang='lat' dir='ltr'><strong>Ham).</strong></span> 
     </span>
    </p>

    <p class='ocr_par' dir='ltr' id='par_1_17' title="bbox 1313 2942 2353 3656">
     <span class='ocr_line' id='line_1_58' title="bbox 1389 2942 2349 3019; baseline 0.004 -18"><span class='ocrx_word' id='word_1_313' title='bbox 1389 2947 1601 3001; x_wconf 85' lang='lat' dir='ltr'><strong>XXIV.</strong></span> <span class='ocrx_word' id='word_1_314' title='bbox 1637 2965 1684 3002; x_wconf 89' lang='lat'><strong>1.</strong></span> <span class='ocrx_word' id='word_1_315' title='bbox 1708 2942 1893 3009; x_wconf 77' lang='lat' dir='ltr'><strong>Africa</strong></span> <span class='ocrx_word' id='word_1_316' title='bbox 1908 2966 2080 3019; x_wconf 71' lang='lat' dir='ltr'><strong>gypso.</strong></span> <span class='ocrx_word' id='word_1_317' title='bbox 2105 2948 2280 3003; x_wconf 82' lang='lat' dir='ltr'><strong>Etiam</strong></span> <span class='ocrx_word' id='word_1_318' title='bbox 2294 2963 2349 3005; x_wconf 84' lang='lat' dir='ltr'><strong>et</strong></span> 
     </span>
     <span class='ocr_line' id='line_1_59' title="bbox 1313 3027 2353 3101; baseline 0.005 -22"><span class='ocrx_word' id='word_1_319' title='bbox 1313 3028 1466 3081; x_wconf 83' lang='lat' dir='ltr'><strong>Italia</strong></span> <span class='ocrx_word' id='word_1_320' title='bbox 1480 3063 1500 3090; x_wconf 87' lang='lat'><strong>,</strong></span> <span class='ocrx_word' id='word_1_321' title='bbox 1528 3027 1609 3081; x_wconf 89' lang='lat' dir='ltr'><strong>uti</strong></span> <span class='ocrx_word' id='word_1_322' title='bbox 1630 3046 1695 3081; x_wconf 81' lang='lat' dir='ltr'><strong>ex</strong></span> <span class='ocrx_word' id='word_1_323' title='bbox 1708 3028 2005 3081; x_wconf 84' lang='lat' dir='ltr'><strong>Columella</strong></span> <span class='ocrx_word' id='word_1_324' title='bbox 2022 3028 2353 3101; x_wconf 76' lang='lat' dir='ltr'><strong>colligimus,</strong></span> 
     </span>
     <span class='ocr_line' id='line_1_60' title="bbox 1315 3106 2353 3181; baseline 0.003 -22"><span class='ocrx_word' id='word_1_325' title='bbox 1315 3106 1411 3160; x_wconf 90' lang='lat' dir='ltr'><strong>lib.</strong></span> <span class='ocrx_word' id='word_1_326' title='bbox 1443 3108 1581 3173; x_wconf 84' lang='grc' dir='ltr'><strong>ΧΠ,</strong></span> <span class='ocrx_word' id='word_1_327' title='bbox 1608 3126 1726 3179; x_wconf 73' lang='lat' dir='ltr'><strong>oep.</strong></span> <span class='ocrx_word' id='word_1_328' title='bbox 1760 3126 1861 3175; x_wconf 75' lang='lat' dir='ltr'><strong>ao,</strong></span> <span class='ocrx_word' id='word_1_329' title='bbox 1900 3108 1994 3161; x_wconf 87' lang='lat' dir='ltr'><strong>ubi</strong></span> <span class='ocrx_word' id='word_1_330' title='bbox 2020 3109 2353 3181; x_wconf 79' lang='lat' dir='ltr'><strong>gypsationis</strong></span> 
     </span>
     <span class='ocr_line' id='line_1_61' title="bbox 1318 3186 2353 3259; baseline 0.001 -19"><span class='ocrx_word' id='word_1_331' title='bbox 1318 3186 1541 3258; x_wconf 85' lang='lat' dir='ltr'><strong>hujusce</strong></span> <span class='ocrx_word' id='word_1_332' title='bbox 1584 3187 1853 3241; x_wconf 87' lang='lat' dir='ltr'><strong>rationem</strong></span> <span class='ocrx_word' id='word_1_333' title='bbox 1882 3190 2071 3259; x_wconf 86' lang='lat' dir='ltr'><strong>aperit.</strong></span> <span class='ocrx_word' id='word_1_334' title='bbox 2105 3188 2270 3253; x_wconf 86' lang='lat' dir='ltr'><strong>Quod</strong></span> <span class='ocrx_word' id='word_1_335' title='bbox 2296 3200 2353 3243; x_wconf 89' lang='lat' dir='ltr'><strong>et</strong></span> 
     </span>
     <span class='ocr_line' id='line_1_62' title="bbox 1319 3265 2351 3359; baseline 0.001 -40"><span class='ocrx_word' id='word_1_336' title='bbox 1319 3265 1587 3337; x_wconf 79' lang='lat' dir='ltr'><strong>Didymus</strong></span> <span class='ocrx_word' id='word_1_337' title='bbox 1620 3267 1747 3321; x_wconf 82' lang='lat' dir='ltr'><strong>facit</strong></span> <span class='ocrx_word' id='word_1_338' title='bbox 1787 3267 1845 3319; x_wconf 86' lang='lat' dir='ltr'><strong>in</strong></span> <span class='ocrx_word' id='word_1_339' title='bbox 1885 3268 2062 3359; x_wconf 73' lang='lat' dir='ltr'><strong>Geop.</strong></span> <span class='ocrx_word' id='word_1_340' title='bbox 2100 3268 2351 3331; x_wconf 85' lang='lat' dir='ltr'><strong>lib.V1,</strong></span> 
     </span>
     <span class='ocr_line' id='line_1_63' title="bbox 1321 3346 2349 3418; baseline 0 -19"><span class='ocrx_word' id='word_1_341' title='bbox 1321 3364 1438 3417; x_wconf 74' lang='lat' dir='ltr'><strong>cap.</strong></span> <span class='ocrx_word' id='word_1_342' title='bbox 1483 3348 1593 3399; x_wconf 83' lang='lat'><strong>.1.8</strong></span> <span class='ocrx_word' id='word_1_343' title='bbox 1634 3346 1944 3414; x_wconf 84' lang='lat' dir='ltr'><strong>Etiamnum</strong></span> <span class='ocrx_word' id='word_1_344' title='bbox 1987 3346 2045 3399; x_wconf 89' lang='lat' dir='ltr'><strong>in</strong></span> <span class='ocrx_word' id='word_1_345' title='bbox 2084 3346 2349 3418; x_wconf 84' lang='lat' dir='ltr'><strong>Hispania</strong></span> 
     </span>
     <span class='ocr_line' id='line_1_64' title="bbox 1316 3422 2352 3497; baseline 0.002 -20"><span class='ocrx_word' id='word_1_346' title='bbox 1316 3424 1440 3479; x_wconf 86' lang='lat' dir='ltr'><strong>vina</strong></span> <span class='ocrx_word' id='word_1_347' title='bbox 1465 3422 1709 3497; x_wconf 67' lang='lat' dir='ltr'><strong>quadam</strong></span> <span class='ocrx_word' id='word_1_348' title='bbox 1748 3424 1891 3479; x_wconf 86' lang='lat' dir='ltr'><strong>calce</strong></span> <span class='ocrx_word' id='word_1_349' title='bbox 1928 3438 1981 3479; x_wconf 89' lang='lat' dir='ltr'><strong>et</strong></span> <span class='ocrx_word' id='word_1_350' title='bbox 2006 3444 2176 3496; x_wconf 75' lang='lat' dir='ltr'><strong>gypso</strong></span> <span class='ocrx_word' id='word_1_351' title='bbox 2218 3444 2352 3479; x_wconf 87' lang='lat' dir='ltr'><strong>con·</strong></span> 
     </span>
     <span class='ocr_line' id='line_1_65' title="bbox 1317 3504 2351 3577; baseline -0.002 -18"><span class='ocrx_word' id='word_1_352' title='bbox 1317 3504 1566 3570; x_wconf 85' lang='lat' dir='ltr'><strong>diuntur,</strong></span> <span class='ocrx_word' id='word_1_353' title='bbox 1590 3516 1727 3558; x_wconf 90' lang='lat' dir='ltr'><strong>teste</strong></span> <span class='ocrx_word' id='word_1_354' title='bbox 1767 3504 2075 3575; x_wconf 81' lang='lat' dir='ltr'><strong>christoph.</strong></span> <span class='ocrx_word' id='word_1_355' title='bbox 2104 3523 2135 3557; x_wconf 87' lang='lat' dir='ltr'><strong>a</strong></span> <span class='ocrx_word' id='word_1_356' title='bbox 2164 3506 2315 3577; x_wconf 71' lang='lat' dir='ltr'><strong>Vega</strong></span> <span class='ocrx_word' id='word_1_357' title='bbox 2334 3544 2351 3574; x_wconf 85' lang='lat'><strong>,</strong></span> 
     </span>
     <span class='ocr_line' id='line_1_66' title="bbox 1317 3583 1823 3656; baseline -0.008 -15"><span class='ocrx_word' id='word_1_358' title='bbox 1317 3603 1437 3656; x_wconf 83' lang='lat' dir='ltr'><strong>cap.</strong></span> <span class='ocrx_word' id='word_1_359' title='bbox 1473 3583 1605 3654; x_wconf 79' lang='lat'>²37·</span> <span class='ocrx_word' id='word_1_360' title='bbox 1638 3583 1823 3637; x_wconf 62' lang='lat' dir='ltr'><strong>Han.</strong></span> 
     </span>
    </p>

    <p class='ocr_par' dir='ltr' id='par_1_18' title="bbox 1316 3663 2352 3889">
     <span class='ocr_line' id='line_1_67' title="bbox 1404 3663 2352 3738; baseline 0 -19"><span class='ocrx_word' id='word_1_361' title='bbox 1404 3684 1456 3719; x_wconf 80' lang='lat' dir='ltr'><strong>a.</strong></span> <span class='ocrx_word' id='word_1_362' title='bbox 1477 3664 1740 3738; x_wconf 76' lang='lat' dir='ltr'><strong>Aliquibus</strong></span> <span class='ocrx_word' id='word_1_363' title='bbox 1764 3666 1843 3716; x_wconf 74' lang='lat' dir='ltr'><strong>sui</strong></span> <span class='ocrx_word' id='word_1_364' title='bbox 1860 3663 2097 3735; x_wconf 77' lang='lat' dir='ltr'><strong>partibus.</strong></span> <span class='ocrx_word' id='word_1_365' title='bbox 2127 3664 2352 3719; x_wconf 82' lang='lat' dir='ltr'><strong>Cartha-</strong></span> 
     </span>
     <span class='ocr_line' id='line_1_68' title="bbox 1316 3742 2350 3818; baseline 0.001 -20"><span class='ocrx_word' id='word_1_366' title='bbox 1316 3745 1438 3817; x_wconf 78' lang='lat' dir='ltr'><strong>gine</strong></span> <span class='ocrx_word' id='word_1_367' title='bbox 1452 3784 1469 3810; x_wconf 87' lang='lat'><strong>,</strong></span> <span class='ocrx_word' id='word_1_368' title='bbox 1498 3757 1557 3798; x_wconf 91' lang='lat' dir='ltr'><strong>ut</strong></span> <span class='ocrx_word' id='word_1_369' title='bbox 1577 3743 1787 3797; x_wconf 82' lang='lat' dir='ltr'><strong>dicetur</strong></span> <span class='ocrx_word' id='word_1_370' title='bbox 1804 3742 1903 3797; x_wconf 83' lang='lat' dir='ltr'><strong>lib.</strong></span> <span class='ocrx_word' id='word_1_371' title='bbox 1925 3744 2168 3798; x_wconf 82' lang='lat' dir='ltr'><strong>xxxvl</strong></span> <span class='ocrx_word' id='word_1_372' title='bbox 2182 3782 2199 3811; x_wconf 93' lang='lat'><strong>,</strong></span> <span class='ocrx_word' id='word_1_373' title='bbox 2227 3763 2350 3818; x_wconf 85' lang='lat' dir='ltr'><strong>cap.</strong></span> 
     </span>
     <span class='ocr_line' id='line_1_69' title="bbox 1321 3826 1625 3889; baseline -0.016 -8"><span class='ocrx_word' id='word_1_374' title='bbox 1321 3828 1412 3889; x_wconf 70' lang='lat'><strong>48.</strong></span> <span class='ocrx_word' id='word_1_375' title='bbox 1437 3826 1625 3878; x_wconf 65' lang='lat' dir='ltr'><strong>Eun.</strong></span> 
     </span>
    </p>

    <p class='ocr_par' dir='ltr' id='par_1_19' title="bbox 1324 3902 2351 4136">
     <span class='ocr_line' id='line_1_70' title="bbox 1403 3902 2351 3959; baseline 0.002 -3"><span class='ocrx_word' id='word_1_376' title='bbox 1403 3903 1458 3959; x_wconf 80' lang='lat'><strong>3.</strong></span> <span class='ocrx_word' id='word_1_377' title='bbox 1505 3902 1670 3957; x_wconf 73' lang='lat' dir='ltr'><strong>calce.</strong></span> <span class='ocrx_word' id='word_1_378' title='bbox 1734 3902 1965 3957; x_wconf 86' lang='lat' dir='ltr'><strong>Condiri</strong></span> <span class='ocrx_word' id='word_1_379' title='bbox 2015 3904 2175 3958; x_wconf 88' lang='lat' dir='ltr'><strong>etiam</strong></span> <span class='ocrx_word' id='word_1_380' title='bbox 2227 3903 2351 3958; x_wconf 87' lang='lat' dir='ltr'><strong>vina</strong></span> 
     </span>
     <span class='ocr_line' id='line_1_71' title="bbox 1324 3982 2351 4056; baseline -0.002 -17"><span class='ocrx_word' id='word_1_381' title='bbox 1324 4002 1523 4056; x_wconf 68' lang='lat' dir='ltr'><strong>msc,</strong></span> <span class='ocrx_word' id='word_1_382' title='bbox 1554 3982 1805 4053; x_wconf 64' lang='lat' dir='ltr'><strong>aculco,</strong></span> <span class='ocrx_word' id='word_1_383' title='bbox 1842 3982 1967 4039; x_wconf 89' lang='lat' dir='ltr'><strong>vide</strong></span> <span class='ocrx_word' id='word_1_384' title='bbox 1994 3983 2091 4039; x_wconf 84' lang='lat' dir='ltr'><strong>lib.</strong></span> <span class='ocrx_word' id='word_1_385' title='bbox 2123 3984 2351 4051; x_wconf 80' lang='lat' dir='ltr'><strong>xxm,</strong></span> 
     </span>
     <span class='ocr_line' id='line_1_72' title="bbox 1329 4064 1793 4136; baseline -0.009 -17"><span class='ocrx_word' id='word_1_386' title='bbox 1329 4082 1444 4136; x_wconf 84' lang='lat' dir='ltr'><strong>cap.</strong></span> <span class='ocrx_word' id='word_1_387' title='bbox 1493 4082 1545 4117; x_wconf 83' lang='lat'><strong>1.</strong></span> <span class='ocrx_word' id='word_1_388' title='bbox 1586 4064 1793 4119; x_wconf 76' lang='lat' dir='ltr'><strong>Dmc.</strong></span> 
     </span>
    </p>
   </div>
  </div>
 </body>
</html>
