<?xml version="1.0" encoding="UTF-8"?>
<!DOCTYPE html PUBLIC "-//W3C//DTD XHTML 1.0 Transitional//EN"
    "http://www.w3.org/TR/xhtml1/DTD/xhtml1-transitional.dtd">
<html xmlns="http://www.w3.org/1999/xhtml" xml:lang="en" lang="en">
 <head>
  <title>
</title>
<meta http-equiv="Content-Type" content="text/html;charset=utf-8" />
  <meta name='ocr-system' content='tesseract 3.04.00' />
  <meta name='ocr-capabilities' content='ocr_page ocr_carea ocr_par ocr_line ocrx_word'/>
</head>
<body>
  <div class='ocr_page' id='page_1' title='image "./caiipliniisecun07plingoog_0586.png"; bbox 0 0 2984 5009; ppageno 0'>
   <div class='ocr_carea' id='block_1_1' title="bbox 979 451 1567 520">
    <p class='ocr_par' dir='ltr' id='par_1_1' title="bbox 979 451 1567 520">
     <span class='ocr_line' id='line_1_1' title="bbox 979 451 1567 520; baseline 0 -1"><span class='ocrx_word' id='word_1_1' title='bbox 979 451 1282 519; x_wconf 89' lang='lat' dir='ltr'><strong>LIBER</strong></span> <span class='ocrx_word' id='word_1_2' title='bbox 1351 451 1567 520; x_wconf 87' lang='lat' dir='ltr'><strong>XVI.</strong></span> 
     </span>
    </p>
   </div>
   <div class='ocr_carea' id='block_1_2' title="bbox 2211 443 2353 540">
    <p class='ocr_par' dir='ltr' id='par_1_2' title="bbox 2211 443 2353 540">
     <span class='ocr_line' id='line_1_2' title="bbox 2211 443 2353 540; baseline -0.014 -24"><span class='ocrx_word' id='word_1_3' title='bbox 2211 443 2353 540; x_wconf 83' lang='lat'><strong>569</strong></span> 
     </span>
    </p>
   </div>
   <div class='ocr_carea' id='block_1_3' title="bbox 209 570 2351 714">
    <p class='ocr_par' dir='ltr' id='par_1_3' title="bbox 209 570 2351 714">
     <span class='ocr_line' id='line_1_3' title="bbox 209 570 2351 714; baseline -0.002 -61"><span class='ocrx_word' id='word_1_4' title='bbox 209 570 474 654; x_wconf 77' lang='lat' dir='ltr'><strong>Creta&#39;⁵</strong></span> <span class='ocrx_word' id='word_1_5' title='bbox 511 607 936 678; x_wconf 87' lang='lat' dir='ltr'><strong>quocumque</strong></span> <span class='ocrx_word' id='word_1_6' title='bbox 973 584 1042 652; x_wconf 91' lang='lat' dir='ltr'><strong>in</strong></span> <span class='ocrx_word' id='word_1_7' title='bbox 1079 581 1228 652; x_wconf 91' lang='lat' dir='ltr'><strong>loco</strong></span> <span class='ocrx_word' id='word_1_8' title='bbox 1261 598 1507 652; x_wconf 84' lang='lat' dir='ltr'><strong>terram</strong></span> <span class='ocrx_word' id='word_1_9' title='bbox 1544 581 1832 650; x_wconf 80' lang='lat' dir='ltr'><strong>moverit</strong></span> <span class='ocrx_word' id='word_1_10' title='bbox 1872 581 2233 714; x_wconf 85' lang='lat' dir='ltr'><strong>quispiam,</strong></span> <span class='ocrx_word' id='word_1_11' title='bbox 2284 582 2351 648; x_wconf 85' lang='lat' dir='ltr'><strong>vi</strong></span> 
     </span>
    </p>
   </div>
   <div class='ocr_carea' id='block_1_4' title="bbox 207 675 1933 786">
    <p class='ocr_par' dir='ltr' id='par_1_4' title="bbox 207 675 1933 786">
     <span class='ocr_line' id='line_1_4' title="bbox 207 675 1933 786; baseline -0.002 -26"><span class='ocrx_word' id='word_1_12' title='bbox 207 689 493 760; x_wconf 79' lang='lat' dir='ltr'><strong>naturali</strong></span> <span class='ocrx_word' id='word_1_13' title='bbox 551 689 700 760; x_wconf 83' lang='lat' dir='ltr'><strong>haec</strong></span> <span class='ocrx_word' id='word_1_14' title='bbox 760 692 1090 785; x_wconf 81' lang='lat' dir='ltr'>gignitur,</span> <span class='ocrx_word' id='word_1_15' title='bbox 1141 691 1575 786; x_wconf 82' lang='lat' dir='ltr'>protinusque</span> <span class='ocrx_word' id='word_1_16' title='bbox 1626 675 1933 757; x_wconf 80' lang='lat' dir='ltr'><strong>emicat²⁶</strong></span> 
     </span>
    </p>
   </div>
   <div class='ocr_carea' id='block_1_5' title="bbox 1964 686 2355 756">
    <p class='ocr_par' dir='ltr' id='par_1_5' title="bbox 1964 686 2355 756">
     <span class='ocr_line' id='line_1_5' title="bbox 1964 686 2355 756; baseline 0.006 -2.334"><span class='ocrx_word' id='word_1_17' title='bbox 1964 686 2133 756; x_wconf 83' lang='lat' dir='ltr'><strong>·illa</strong></span> <span class='ocrx_word' id='word_1_18' title='bbox 2192 711 2355 756; x_wconf 83' lang='lat' dir='ltr'><strong>vero</strong></span> 
     </span>
    </p>
   </div>
   <div class='ocr_carea' id='block_1_6' title="bbox 209 783 2362 1105">
    <p class='ocr_par' dir='ltr' id='par_1_6' title="bbox 209 783 2359 1105">
     <span class='ocr_line' id='line_1_6' title="bbox 209 783 2357 926; baseline -0.002 -59"><span class='ocrx_word' id='word_1_19' title='bbox 209 799 475 867; x_wconf 55' lang='lat' dir='ltr'><strong>etiam*</strong></span> <span class='ocrx_word' id='word_1_20' title='bbox 519 803 656 866; x_wconf 79' lang='lat' dir='ltr'><strong>no‘n</strong></span> <span class='ocrx_word' id='word_1_21' title='bbox 698 796 1032 892; x_wconf 83' lang='lat' dir='ltr'><strong>appellato</strong></span> <span class='ocrx_word' id='word_1_22' title='bbox 1089 795 1267 880; x_wconf 86' lang='lat' dir='ltr'><strong>solo,</strong></span> <span class='ocrx_word' id='word_1_23' title='bbox 1322 821 1402 866; x_wconf 81' lang='lat' dir='ltr'><strong>ac</strong></span> <span class='ocrx_word' id='word_1_24' title='bbox 1443 794 1727 891; x_wconf 84' lang='lat' dir='ltr'><strong>sponte⁸</strong></span> <span class='ocrx_word' id='word_1_25' title='bbox 1732 783 1781 880; x_wconf 80' lang='lat'><strong>⁸,</strong></span> <span class='ocrx_word' id='word_1_26' title='bbox 1812 795 2243 926; x_wconf 82' lang='lat' dir='ltr'><strong>maximeque</strong></span> <span class='ocrx_word' id='word_1_27' title='bbox 2288 795 2357 862; x_wconf 90' lang='lat' dir='ltr'><strong>in</strong></span> 
     </span>
     <span class='ocr_line' id='line_1_7' title="bbox 209 885 2359 1000; baseline 0 -29"><span class='ocrx_word' id='word_1_28' title='bbox 209 903 464 973; x_wconf 82' lang='lat' dir='ltr'><strong>Idaeis²⁹</strong></span> <span class='ocrx_word' id='word_1_29' title='bbox 499 904 884 989; x_wconf 80' lang='lat' dir='ltr'><strong>montibuS,</strong></span> <span class='ocrx_word' id='word_1_30' title='bbox 941 914 1012 974; x_wconf 89' lang='lat' dir='ltr'><strong>et</strong></span> <span class='ocrx_word' id='word_1_31' title='bbox 1057 929 1230 1000; x_wconf 86' lang='lat' dir='ltr'><strong>quos</strong></span> <span class='ocrx_word' id='word_1_32' title='bbox 1297 902 1505 973; x_wconf 87' lang='lat' dir='ltr'><strong>Albos</strong></span> <span class='ocrx_word' id='word_1_33' title='bbox 1550 885 1867 972; x_wconf 56' lang='lat' dir='ltr'><strong>socant³⁰</strong></span> <span class='ocrx_word' id='word_1_34' title='bbox 1870 955 1891 988; x_wconf 92' lang='lat'><strong>,</strong></span> <span class='ocrx_word' id='word_1_35' title='bbox 1952 901 2359 995; x_wconf 74' lang='lat' dir='ltr'>summisque</span> 
     </span>
     <span class='ocr_line' id='line_1_8' title="bbox 209 1006 2362 1105; baseline -0.001 -27"><span class='ocrx_word' id='word_1_36' title='bbox 209 1009 428 1104; x_wconf 72' lang='lat' dir='ltr'><strong>jugie,</strong></span> <span class='ocrx_word' id='word_1_37' title='bbox 467 1010 644 1080; x_wconf 88' lang='lat' dir='ltr'><strong>unde</strong></span> <span class='ocrx_word' id='word_1_38' title='bbox 690 1010 876 1080; x_wconf 85' lang='lat' dir='ltr'><strong>nives</strong></span> <span class='ocrx_word' id='word_1_39' title='bbox 917 1035 1282 1105; x_wconf 78' lang='lat' dir='ltr'><strong>numquam</strong></span> <span class='ocrx_word' id='word_1_40' title='bbox 1317 1009 1599 1095; x_wconf 82' lang='lat' dir='ltr'><strong>absunt,</strong></span> <span class='ocrx_word' id='word_1_41' title='bbox 1651 1008 1969 1104; x_wconf 82' lang='lat' dir='ltr'><strong>plurima,</strong></span> <span class='ocrx_word' id='word_1_42' title='bbox 2018 1006 2201 1102; x_wconf 91' lang='lat' dir='ltr'><strong>quod</strong></span> <span class='ocrx_word' id='word_1_43' title='bbox 2242 1009 2362 1076; x_wconf 91' lang='lat' dir='ltr'><strong>mi-</strong></span> 
     </span>
    </p>
   </div>
   <div class='ocr_carea' id='block_1_7' title="bbox 215 1205 2367 1284">
    <p class='ocr_par' dir='ltr' id='par_1_7' title="bbox 215 1205 2367 1284">
     <span class='ocr_line' id='line_1_9' title="bbox 215 1205 2367 1284; baseline -0.002 -22"><span class='ocrx_word' id='word_1_44' title='bbox 215 1208 398 1262; x_wconf 74' lang='lat' dir='ltr'><strong>statim</strong></span> <span class='ocrx_word' id='word_1_45' title='bbox 419 1207 536 1284; x_wconf 78' lang='lat' dir='ltr'><strong>ipse</strong></span> <span class='ocrx_word' id='word_1_46' title='bbox 558 1207 860 1280; x_wconf 77' lang='lat' dir='ltr'><strong>subjungit,</strong></span> <span class='ocrx_word' id='word_1_47' title='bbox 881 1207 1005 1260; x_wconf 79' lang='lat' dir='ltr'><strong>sed</strong></span> <span class='ocrx_word' id='word_1_48' title='bbox 985 1227 1036 1260; x_wconf 69' lang='lat' dir='ltr'><strong>cn</strong></span> <span class='ocrx_word' id='word_1_49' title='bbox 1070 1207 1218 1261; x_wconf 70' lang='lat' dir='ltr'><strong>Coeca</strong></span> <span class='ocrx_word' id='word_1_50' title='bbox 1233 1243 1252 1272; x_wconf 84' lang='lat'><strong>,</strong></span> <span class='ocrx_word' id='word_1_51' title='bbox 1335 1211 1512 1262; x_wconf 74' lang='lat' dir='ltr'><strong>emicat</strong></span> <span class='ocrx_word' id='word_1_52' title='bbox 1532 1205 1687 1260; x_wconf 76' lang='lat' dir='ltr'><strong>MSS.</strong></span> <span class='ocrx_word' id='word_1_53' title='bbox 1720 1223 1907 1260; x_wconf 84' lang='lat' dir='ltr'><strong>omues</strong></span> <span class='ocrx_word' id='word_1_54' title='bbox 1940 1207 2150 1276; x_wconf 74' lang='lat' dir='ltr'><strong>emigrat</strong></span> <span class='ocrx_word' id='word_1_55' title='bbox 2178 1222 2291 1276; x_wconf 68' lang='lat' dir='ltr'><strong>pra</strong></span> <span class='ocrx_word' id='word_1_56' title='bbox 2310 1223 2367 1258; x_wconf 82' lang='lat' dir='ltr'><strong>se</strong></span> 
     </span>
    </p>
   </div>
   <div class='ocr_carea' id='block_1_8' title="bbox 219 1286 1278 4157">
    <p class='ocr_par' dir='ltr' id='par_1_8' title="bbox 219 1286 1251 1439">
     <span class='ocr_line' id='line_1_10' title="bbox 219 1286 1251 1360; baseline -0.001 -19"><span class='ocrx_word' id='word_1_57' title='bbox 219 1302 320 1342; x_wconf 86' lang='lat' dir='ltr'><strong>etc.</strong></span> <span class='ocrx_word' id='word_1_58' title='bbox 357 1306 531 1360; x_wconf 85' lang='lat' dir='ltr'><strong>quum</strong></span> <span class='ocrx_word' id='word_1_59' title='bbox 553 1289 623 1341; x_wconf 87' lang='lat' dir='ltr'><strong>sit</strong></span> <span class='ocrx_word' id='word_1_60' title='bbox 665 1289 828 1360; x_wconf 82' lang='lat' dir='ltr'><strong>ipsius</strong></span> <span class='ocrx_word' id='word_1_61' title='bbox 873 1289 1048 1342; x_wconf 64' lang='lat' dir='ltr'><strong>Creta</strong></span> <span class='ocrx_word' id='word_1_62' title='bbox 1090 1286 1251 1360; x_wconf 89' lang='lat' dir='ltr'><strong>oppi-</strong></span> 
     </span>
     <span class='ocr_line' id='line_1_11' title="bbox 219 1366 1171 1439; baseline 0 -19"><span class='ocrx_word' id='word_1_63' title='bbox 219 1366 355 1421; x_wconf 83' lang='lat' dir='ltr'><strong>dum</strong></span> <span class='ocrx_word' id='word_1_64' title='bbox 384 1369 586 1439; x_wconf 67' lang='grc' dir='ltr'><strong>Τάρῥσι,</strong></span> <span class='ocrx_word' id='word_1_65' title='bbox 620 1367 890 1439; x_wconf 79' lang='lat' dir='ltr'><strong>Stephano</strong></span> <span class='ocrx_word' id='word_1_66' title='bbox 924 1379 1074 1421; x_wconf 83' lang='lat' dir='ltr'><strong>teste.</strong></span> <span class='ocrx_word' id='word_1_67' title='bbox 1101 1367 1171 1421; x_wconf 84' lang='lat' dir='ltr'><strong>H.</strong></span> 
     </span>
    </p>

    <p class='ocr_par' dir='ltr' id='par_1_9' title="bbox 224 1445 1269 2636">
     <span class='ocr_line' id='line_1_12' title="bbox 308 1445 1252 1502; baseline 0 -2"><span class='ocrx_word' id='word_1_68' title='bbox 308 1449 402 1502; x_wconf 80' lang='lat'><strong>25.</strong></span> <span class='ocrx_word' id='word_1_69' title='bbox 435 1447 540 1500; x_wconf 70' lang='lat' dir='ltr'><strong>Sed</strong></span> <span class='ocrx_word' id='word_1_70' title='bbox 563 1451 616 1502; x_wconf 78' lang='lat' dir='ltr'><strong>in</strong></span> <span class='ocrx_word' id='word_1_71' title='bbox 663 1447 828 1502; x_wconf 74' lang='lat' dir='ltr'><strong>Creta.</strong></span> <span class='ocrx_word' id='word_1_72' title='bbox 875 1445 1160 1502; x_wconf 69' lang='lat' dir='ltr'><strong>Salmasius</strong></span> <span class='ocrx_word' id='word_1_73' title='bbox 1191 1446 1252 1500; x_wconf 80' lang='lat' dir='ltr'><strong>in</strong></span> 
     </span>
     <span class='ocr_line' id='line_1_13' title="bbox 224 1525 1260 1599; baseline -0.004 -17"><span class='ocrx_word' id='word_1_74' title='bbox 224 1527 476 1582; x_wconf 86' lang='lat' dir='ltr'><strong>Solinum</strong></span> <span class='ocrx_word' id='word_1_75' title='bbox 497 1567 514 1593; x_wconf 90' lang='lat'><strong>,</strong></span> <span class='ocrx_word' id='word_1_76' title='bbox 551 1547 672 1598; x_wconf 70' lang='lat' dir='ltr'><strong>pag.</strong></span> <span class='ocrx_word' id='word_1_77' title='bbox 717 1527 862 1598; x_wconf 78' lang='lat'><strong>173,</strong></span> <span class='ocrx_word' id='word_1_78' title='bbox 903 1527 1034 1599; x_wconf 79' lang='lat' dir='ltr'><strong>legit</strong></span> <span class='ocrx_word' id='word_1_79' title='bbox 1075 1525 1260 1580; x_wconf 76' lang='lat' dir='ltr'><strong>invitis</strong></span> 
     </span>
     <span class='ocr_line' id='line_1_14' title="bbox 227 1607 1259 1673; baseline -0.001 -13"><span class='ocrx_word' id='word_1_80' title='bbox 227 1608 488 1660; x_wconf 81' lang='lat' dir='ltr'><strong>omnihus</strong></span> <span class='ocrx_word' id='word_1_81' title='bbox 515 1607 690 1673; x_wconf 87' lang='lat' dir='ltr'><strong>libris,</strong></span> <span class='ocrx_word' id='word_1_82' title='bbox 726 1608 815 1660; x_wconf 76' lang='lat' dir='ltr'><strong>sed</strong></span> <span class='ocrx_word' id='word_1_83' title='bbox 836 1613 887 1659; x_wconf 79' lang='lat' dir='ltr'><strong>in</strong></span> <span class='ocrx_word' id='word_1_84' title='bbox 915 1608 1157 1668; x_wconf 72' lang='lat' dir='ltr'><strong>Tarento,</strong></span> <span class='ocrx_word' id='word_1_85' title='bbox 1183 1607 1259 1660; x_wconf 69' lang='lat' dir='ltr'><strong>ita</strong></span> 
     </span>
     <span class='ocr_line' id='line_1_15' title="bbox 225 1685 1261 1758; baseline -0.002 -18"><span class='ocrx_word' id='word_1_86' title='bbox 225 1687 542 1753; x_wconf 79' lang='lat' dir='ltr'><strong>necessario,</strong></span> <span class='ocrx_word' id='word_1_87' title='bbox 555 1701 612 1740; x_wconf 86' lang='lat' dir='ltr'><strong>ut</strong></span> <span class='ocrx_word' id='word_1_88' title='bbox 628 1687 732 1740; x_wconf 87' lang='lat' dir='ltr'><strong>sibi</strong></span> <span class='ocrx_word' id='word_1_89' title='bbox 745 1685 973 1746; x_wconf 77' lang='lat' dir='ltr'><strong>videtur,</strong></span> <span class='ocrx_word' id='word_1_90' title='bbox 991 1685 1261 1758; x_wconf 67' lang='lat' dir='ltr'><strong>flagitante</strong></span> 
     </span>
     <span class='ocr_line' id='line_1_16' title="bbox 229 1765 1260 1838; baseline -0.002 -18"><span class='ocrx_word' id='word_1_91' title='bbox 229 1766 592 1821; x_wconf 74' lang='lat' dir='ltr'><strong>senteutiu.At</strong></span> <span class='ocrx_word' id='word_1_92' title='bbox 613 1766 680 1820; x_wconf 92' lang='lat' dir='ltr'><strong>de</strong></span> <span class='ocrx_word' id='word_1_93' title='bbox 699 1767 934 1820; x_wconf 66' lang='lat' dir='ltr'><strong>Tarento</strong></span> <span class='ocrx_word' id='word_1_94' title='bbox 955 1785 1024 1820; x_wconf 88' lang='lat' dir='ltr'><strong>ne</strong></span> <span class='ocrx_word' id='word_1_95' title='bbox 1040 1765 1260 1838; x_wconf 85' lang='lat' dir='ltr'><strong>quidem</strong></span> 
     </span>
     <span class='ocr_line' id='line_1_17' title="bbox 229 1843 1262 1901; baseline -0.001 -2"><span class='ocrx_word' id='word_1_96' title='bbox 229 1847 440 1899; x_wconf 76' lang='lat' dir='ltr'><strong>Plinius</strong></span> <span class='ocrx_word' id='word_1_97' title='bbox 467 1847 781 1901; x_wconf 78' lang='lat' dir='ltr'><strong>somniavit:</strong></span> <span class='ocrx_word' id='word_1_98' title='bbox 803 1845 896 1900; x_wconf 78' lang='lat' dir='ltr'><strong>sed</strong></span> <span class='ocrx_word' id='word_1_99' title='bbox 927 1847 1144 1900; x_wconf 71' lang='lat' dir='ltr'><strong>Cretam</strong></span> <span class='ocrx_word' id='word_1_100' title='bbox 1176 1843 1262 1898; x_wconf 84' lang='lat' dir='ltr'><strong>di-</strong></span> 
     </span>
     <span class='ocr_line' id='line_1_18' title="bbox 228 1925 1262 1999; baseline -0.002 -19"><span class='ocrx_word' id='word_1_101' title='bbox 228 1943 356 1980; x_wconf 84' lang='lat' dir='ltr'><strong>cere</strong></span> <span class='ocrx_word' id='word_1_102' title='bbox 377 1945 502 1980; x_wconf 75' lang='lat' dir='ltr'><strong>saue</strong></span> <span class='ocrx_word' id='word_1_103' title='bbox 521 1927 690 1980; x_wconf 76' lang='lat' dir='ltr'><strong>voluit</strong></span> <span class='ocrx_word' id='word_1_104' title='bbox 703 1965 719 1992; x_wconf 91' lang='lat'><strong>,</strong></span> <span class='ocrx_word' id='word_1_105' title='bbox 739 1925 884 1999; x_wconf 87' lang='lat' dir='ltr'><strong>quod</strong></span> <span class='ocrx_word' id='word_1_106' title='bbox 904 1925 1262 1998; x_wconf 77' lang='lat' dir='ltr'><strong>Theophrasti</strong></span> 
     </span>
     <span class='ocr_line' id='line_1_19' title="bbox 230 2007 1262 2072; baseline -0.001 -14"><span class='ocrx_word' id='word_1_107' title='bbox 230 2007 384 2059; x_wconf 88' lang='lat' dir='ltr'><strong>locus</strong></span> <span class='ocrx_word' id='word_1_108' title='bbox 415 2007 642 2072; x_wconf 78' lang='lat' dir='ltr'><strong>evincit,</strong></span> <span class='ocrx_word' id='word_1_109' title='bbox 675 2007 811 2060; x_wconf 85' lang='lat' dir='ltr'><strong>Hist.</strong></span> <span class='ocrx_word' id='word_1_110' title='bbox 839 2007 934 2059; x_wconf 88' lang='lat' dir='ltr'><strong>lib.</strong></span> <span class='ocrx_word' id='word_1_111' title='bbox 963 2007 1070 2070; x_wconf 85' lang='lat'><strong>111,</strong></span> <span class='ocrx_word' id='word_1_112' title='bbox 1100 2025 1150 2058; x_wconf 90' lang='lat' dir='ltr'><strong>c·</strong></span> <span class='ocrx_word' id='word_1_113' title='bbox 1185 2025 1215 2058; x_wconf 68' lang='grc' dir='ltr'>α</span> <span class='ocrx_word' id='word_1_114' title='bbox 1247 2025 1262 2056; x_wconf 75' lang='lat' dir='ltr'><strong>t</strong></span> 
     </span>
     <span class='ocr_line' id='line_1_20' title="bbox 228 2077 1267 2156; baseline 0 -16"><span class='ocrx_word' id='word_1_115' title='bbox 228 2077 442 2154; x_wconf 63' lang='grc' dir='ltr'><strong>ὲνιαχοῦ</strong></span> <span class='ocrx_word' id='word_1_116' title='bbox 456 2082 538 2151; x_wconf 68' lang='grc' dir='ltr'><strong>δὲ,</strong></span> <span class='ocrx_word' id='word_1_117' title='bbox 557 2087 616 2139; x_wconf 76' lang='grc' dir='ltr'><strong>ἂν</strong></span> <span class='ocrx_word' id='word_1_118' title='bbox 635 2089 778 2153; x_wconf 75' lang='grc' dir='ltr'><strong>μόνον</strong></span> <span class='ocrx_word' id='word_1_119' title='bbox 789 2086 1170 2156; x_wconf 74' lang='grc' dir='ltr'><strong>ὓπεργάσωνται</strong></span> <span class='ocrx_word' id='word_1_120' title='bbox 1179 2085 1267 2140; x_wconf 71' lang='grc' dir='ltr'><strong>καὶ</strong></span> 
     </span>
     <span class='ocr_line' id='line_1_21' title="bbox 231 2164 1264 2232; baseline -0.001 -13"><span class='ocrx_word' id='word_1_121' title='bbox 231 2166 498 2222; x_wconf 59' lang='grc' dir='ltr'><strong>κινήσωσιν</strong></span> <span class='ocrx_word' id='word_1_122' title='bbox 519 2207 534 2232; x_wconf 91' lang='grc'><strong>,</strong></span> <span class='ocrx_word' id='word_1_123' title='bbox 584 2168 717 2230; x_wconf 69' lang='grc' dir='ltr'><strong>εὐθὺς</strong></span> <span class='ocrx_word' id='word_1_124' title='bbox 763 2165 1155 2219; x_wconf 53' lang='lat' dir='ltr'><strong>&amp;vaano-seium</strong></span> <span class='ocrx_word' id='word_1_125' title='bbox 1197 2164 1264 2218; x_wconf 76' lang='grc' dir='ltr'><strong>τὰ</strong></span> 
     </span>
     <span class='ocr_line' id='line_1_22' title="bbox 231 2242 1266 2317; baseline -0.002 -18"><span class='ocrx_word' id='word_1_126' title='bbox 231 2242 392 2299; x_wconf 69' lang='grc' dir='ltr'><strong>οἴκιῖα.</strong></span> <span class='ocrx_word' id='word_1_127' title='bbox 417 2253 506 2307; x_wconf 72' lang='grc' dir='ltr'><strong>τῆς</strong></span> <span class='ocrx_word' id='word_1_128' title='bbox 540 2247 708 2316; x_wconf 76' lang='grc' dir='ltr'>χώρας</span> <span class='ocrx_word' id='word_1_129' title='bbox 725 2288 741 2310; x_wconf 87' lang='grc'><strong>,</strong></span> <span class='ocrx_word' id='word_1_130' title='bbox 787 2249 952 2316; x_wconf 67' lang='grc' dir='ltr'><strong>ὥσπερ</strong></span> <span class='ocrx_word' id='word_1_131' title='bbox 997 2249 1043 2298; x_wconf 66' lang='grc' dir='ltr'><strong>ἐν</strong></span> <span class='ocrx_word' id='word_1_132' title='bbox 1093 2245 1266 2317; x_wconf 69' lang='grc' dir='ltr'>Κρήτῃ</span> 
     </span>
     <span class='ocr_line' id='line_1_23' title="bbox 229 2325 1269 2397; baseline -0.004 -17"><span class='ocrx_word' id='word_1_133' title='bbox 229 2327 546 2397; x_wconf 62' lang='lat' dir='ltr'><strong>mim-rot.</strong></span> <span class='ocrx_word' id='word_1_134' title='bbox 583 2353 606 2374; x_wconf 76' lang='grc' dir='ltr'>ι</span> <span class='ocrx_word' id='word_1_135' title='bbox 625 2327 834 2380; x_wconf 78' lang='lat' dir='ltr'><strong>Alicubi</strong></span> <span class='ocrx_word' id='word_1_136' title='bbox 847 2367 865 2391; x_wconf 85' lang='lat'>‚</span> <span class='ocrx_word' id='word_1_137' title='bbox 890 2326 932 2379; x_wconf 86' lang='lat' dir='ltr'><strong>si</strong></span> <span class='ocrx_word' id='word_1_138' title='bbox 957 2326 1144 2378; x_wconf 81' lang='lat' dir='ltr'><strong>leviter</strong></span> <span class='ocrx_word' id='word_1_139' title='bbox 1165 2325 1269 2376; x_wconf 84' lang='lat' dir='ltr'><strong>sul·</strong></span> 
     </span>
     <span class='ocr_line' id='line_1_24' title="bbox 233 2405 1267 2478; baseline -0.003 -19"><span class='ocrx_word' id='word_1_140' title='bbox 233 2425 364 2459; x_wconf 85' lang='lat' dir='ltr'><strong>cum</strong></span> <span class='ocrx_word' id='word_1_141' title='bbox 413 2406 778 2478; x_wconf 71' lang='lat' dir='ltr'><strong>impresserint</strong></span> <span class='ocrx_word' id='word_1_142' title='bbox 796 2445 813 2472; x_wconf 94' lang='lat'><strong>,</strong></span> <span class='ocrx_word' id='word_1_143' title='bbox 845 2424 905 2460; x_wconf 74' lang='lat' dir='ltr'><strong>ac</strong></span> <span class='ocrx_word' id='word_1_144' title='bbox 948 2405 1219 2458; x_wconf 81' lang='lat' dir='ltr'><strong>moverint</strong></span> <span class='ocrx_word' id='word_1_145' title='bbox 1249 2445 1267 2470; x_wconf 88' lang='lat'><strong>,</strong></span> 
     </span>
     <span class='ocr_line' id='line_1_25' title="bbox 231 2485 1266 2556; baseline -0.001 -18"><span class='ocrx_word' id='word_1_146' title='bbox 231 2487 410 2539; x_wconf 78' lang='lat' dir='ltr'><strong>statim</strong></span> <span class='ocrx_word' id='word_1_147' title='bbox 427 2503 696 2556; x_wconf 83' lang='lat' dir='ltr'><strong>emergere</strong></span> <span class='ocrx_word' id='word_1_148' title='bbox 710 2486 990 2539; x_wconf 77' lang='lat' dir='ltr'><strong>familiaria</strong></span> <span class='ocrx_word' id='word_1_149' title='bbox 1001 2485 1078 2537; x_wconf 91' lang='lat' dir='ltr'><strong>illi</strong></span> <span class='ocrx_word' id='word_1_150' title='bbox 1097 2498 1266 2550; x_wconf 66' lang='lat' dir='ltr'><strong>terra,</strong></span> 
     </span>
     <span class='ocr_line' id='line_1_26' title="bbox 233 2565 1106 2636; baseline -0.002 -16"><span class='ocrx_word' id='word_1_151' title='bbox 233 2580 296 2620; x_wconf 88' lang='lat' dir='ltr'><strong>ut</strong></span> <span class='ocrx_word' id='word_1_152' title='bbox 313 2568 374 2619; x_wconf 88' lang='lat' dir='ltr'><strong>in</strong></span> <span class='ocrx_word' id='word_1_153' title='bbox 407 2565 566 2618; x_wconf 72' lang='lat' dir='ltr'><strong>Creta</strong></span> <span class='ocrx_word' id='word_1_154' title='bbox 589 2567 840 2636; x_wconf 78' lang='lat' dir='ltr'><strong>cupressi.</strong></span> <span class='ocrx_word' id='word_1_155' title='bbox 865 2592 888 2613; x_wconf 75' lang='grc' dir='ltr'>ι</span> <span class='ocrx_word' id='word_1_156' title='bbox 923 2566 1106 2618; x_wconf 67' lang='lat' dir='ltr'><strong>nnn.</strong></span> 
     </span>
    </p>

    <p class='ocr_par' dir='ltr' id='par_1_10' title="bbox 232 2646 1278 4157">
     <span class='ocr_line' id='line_1_27' title="bbox 324 2646 1266 2718; baseline -0.002 -20"><span class='ocrx_word' id='word_1_157' title='bbox 324 2665 354 2698; x_wconf 79' lang='lat'>2</span> <span class='ocrx_word' id='word_1_158' title='bbox 365 2649 419 2698; x_wconf 86' lang='lat'><strong>6.</strong></span> <span class='ocrx_word' id='word_1_159' title='bbox 445 2646 574 2698; x_wconf 81' lang='lat' dir='ltr'><strong>Hoec</strong></span> <span class='ocrx_word' id='word_1_160' title='bbox 589 2649 813 2716; x_wconf 75' lang='lat' dir='ltr'><strong>gignitur</strong></span> <span class='ocrx_word' id='word_1_161' title='bbox 825 2651 1140 2718; x_wconf 76' lang='lat' dir='ltr'><strong>protinusque</strong></span> <span class='ocrx_word' id='word_1_162' title='bbox 1151 2646 1266 2696; x_wconf 76' lang='lat' dir='ltr'><strong>emi-</strong></span> 
     </span>
     <span class='ocr_line' id='line_1_28' title="bbox 234 2725 1267 2788; baseline -0.003 -10"><span class='ocrx_word' id='word_1_163' title='bbox 234 2737 336 2778; x_wconf 75' lang='lat' dir='ltr'><strong>cat.</strong></span> <span class='ocrx_word' id='word_1_164' title='bbox 365 2726 432 2777; x_wconf 86' lang='lat' dir='ltr'><strong>In</strong></span> <span class='ocrx_word' id='word_1_165' title='bbox 461 2725 575 2778; x_wconf 78' lang='lat' dir='ltr'><strong>aliis</strong></span> <span class='ocrx_word' id='word_1_166' title='bbox 619 2725 896 2780; x_wconf 74' lang='lat' dir='ltr'><strong>codicibus</strong></span> <span class='ocrx_word' id='word_1_167' title='bbox 927 2745 1036 2779; x_wconf 88' lang='lat' dir='ltr'><strong>nou</strong></span> <span class='ocrx_word' id='word_1_168' title='bbox 1065 2729 1238 2776; x_wconf 73' lang='lat' dir='ltr'><strong>emicat</strong></span> <span class='ocrx_word' id='word_1_169' title='bbox 1252 2764 1267 2788; x_wconf 88' lang='lat'><strong>,</strong></span> 
     </span>
     <span class='ocr_line' id='line_1_29' title="bbox 233 2803 1268 2876; baseline 0.002 -18"><span class='ocrx_word' id='word_1_170' title='bbox 233 2806 452 2876; x_wconf 81' lang='lat' dir='ltr'><strong>legitur,</strong></span> <span class='ocrx_word' id='word_1_171' title='bbox 479 2803 572 2858; x_wconf 85' lang='lat' dir='ltr'><strong>sed</strong></span> <span class='ocrx_word' id='word_1_172' title='bbox 593 2811 824 2876; x_wconf 70' lang='lat' dir='ltr'><strong>emigrat,</strong></span> <span class='ocrx_word' id='word_1_173' title='bbox 851 2807 1028 2859; x_wconf 87' lang='lat' dir='ltr'><strong>minus</strong></span> <span class='ocrx_word' id='word_1_174' title='bbox 1048 2807 1268 2860; x_wconf 69' lang='lat' dir='ltr'><strong>vitiose:</strong></span> 
     </span>
     <span class='ocr_line' id='line_1_30' title="bbox 233 2885 1269 2957; baseline -0.003 -19"><span class='ocrx_word' id='word_1_175' title='bbox 233 2885 531 2956; x_wconf 78' lang='lat' dir='ltr'><strong>legendum</strong></span> <span class='ocrx_word' id='word_1_176' title='bbox 563 2887 705 2940; x_wconf 90' lang='lat' dir='ltr'><strong>enim</strong></span> <span class='ocrx_word' id='word_1_177' title='bbox 732 2929 748 2951; x_wconf 90' lang='lat'><em>‚</em></span> <span class='ocrx_word' id='word_1_178' title='bbox 779 2899 840 2939; x_wconf 88' lang='lat' dir='ltr'><strong>ut</strong></span> <span class='ocrx_word' id='word_1_179' title='bbox 867 2885 1095 2957; x_wconf 81' lang='lat' dir='ltr'><strong>opinor,</strong></span> <span class='ocrx_word' id='word_1_180' title='bbox 1121 2903 1269 2937; x_wconf 74' lang='lat' dir='ltr'><strong>emer-</strong></span> 
     </span>
     <span class='ocr_line' id='line_1_31' title="bbox 232 2965 1270 3038; baseline 0.001 -22"><span class='ocrx_word' id='word_1_181' title='bbox 232 2969 318 3036; x_wconf 75' lang='lat' dir='ltr'><strong>git</strong></span> <span class='ocrx_word' id='word_1_182' title='bbox 337 2985 358 3018; x_wconf 93' lang='lat'><strong>.·</strong></span> <span class='ocrx_word' id='word_1_183' title='bbox 383 2984 496 3037; x_wconf 88' lang='lat' dir='ltr'><strong>quo</strong></span> <span class='ocrx_word' id='word_1_184' title='bbox 522 2967 690 3020; x_wconf 75' lang='lat' dir='ltr'><strong>verbo</strong></span> <span class='ocrx_word' id='word_1_185' title='bbox 721 2979 996 3038; x_wconf 73' lang='lat' dir='ltr'><strong>tamquam</strong></span> <span class='ocrx_word' id='word_1_186' title='bbox 1023 2965 1270 3018; x_wconf 75' lang='lat' dir='ltr'><strong>Plinisuo</strong></span> 
     </span>
     <span class='ocr_line' id='line_1_32' title="bbox 237 3045 1270 3116; baseline -0.001 -19"><span class='ocrx_word' id='word_1_187' title='bbox 237 3065 366 3098; x_wconf 81' lang='lat' dir='ltr'><strong>usus</strong></span> <span class='ocrx_word' id='word_1_188' title='bbox 413 3058 493 3099; x_wconf 83' lang='lat' dir='ltr'><strong>est</strong></span> <span class='ocrx_word' id='word_1_189' title='bbox 535 3045 858 3100; x_wconf 85' lang='lat' dir='ltr'><strong>Theodorus</strong></span> <span class='ocrx_word' id='word_1_190' title='bbox 901 3047 1166 3116; x_wconf 79' lang='lat' dir='ltr'><strong>interpres</strong></span> <span class='ocrx_word' id='word_1_191' title='bbox 1213 3045 1270 3097; x_wconf 87' lang='lat' dir='ltr'><strong>in</strong></span> 
     </span>
     <span class='ocr_line' id='line_1_33' title="bbox 235 3124 1272 3198; baseline -0.002 -20"><span class='ocrx_word' id='word_1_192' title='bbox 235 3125 518 3197; x_wconf 84' lang='lat' dir='ltr'><strong>Theophr.</strong></span> <span class='ocrx_word' id='word_1_193' title='bbox 545 3127 666 3180; x_wconf 89' lang='lat' dir='ltr'><strong>loco</strong></span> <span class='ocrx_word' id='word_1_194' title='bbox 701 3145 861 3198; x_wconf 69' lang='lat' dir='ltr'><strong>supra</strong></span> <span class='ocrx_word' id='word_1_195' title='bbox 904 3127 1152 3196; x_wconf 84' lang='lat' dir='ltr'><strong>proxime</strong></span> <span class='ocrx_word' id='word_1_196' title='bbox 1178 3124 1272 3178; x_wconf 88' lang='lat' dir='ltr'><strong>cit.</strong></span> 
     </span>
     <span class='ocr_line' id='line_1_34' title="bbox 239 3205 1272 3275; baseline -0.003 -17"><span class='ocrx_word' id='word_1_197' title='bbox 239 3205 405 3259; x_wconf 71' lang='lat' dir='ltr'><strong>Puer.</strong></span> <span class='ocrx_word' id='word_1_198' title='bbox 421 3237 502 3250; x_wconf 92' lang='lat'><strong>—-</strong></span> <span class='ocrx_word' id='word_1_199' title='bbox 537 3209 609 3260; x_wconf 81' lang='lat' dir='ltr'><strong>Vi</strong></span> <span class='ocrx_word' id='word_1_200' title='bbox 642 3207 858 3260; x_wconf 76' lang='lat' dir='ltr'><strong>naturali</strong></span> <span class='ocrx_word' id='word_1_201' title='bbox 900 3207 1002 3258; x_wconf 77' lang='lat' dir='ltr'><strong>hoec</strong></span> <span class='ocrx_word' id='word_1_202' title='bbox 1034 3208 1272 3275; x_wconf 75' lang='lat' dir='ltr'><strong>gignitur.</strong></span> 
     </span>
     <span class='ocr_line' id='line_1_35' title="bbox 239 3286 1272 3356; baseline -0.002 -18"><span class='ocrx_word' id='word_1_203' title='bbox 239 3286 344 3338; x_wconf 88' lang='lat' dir='ltr'><strong>Per</strong></span> <span class='ocrx_word' id='word_1_204' title='bbox 359 3305 500 3352; x_wconf 86' lang='lat' dir='ltr'><strong>sese,</strong></span> <span class='ocrx_word' id='word_1_205' title='bbox 521 3306 584 3341; x_wconf 80' lang='lat' dir='ltr'><strong>ac</strong></span> <span class='ocrx_word' id='word_1_206' title='bbox 599 3288 750 3340; x_wconf 87' lang='lat' dir='ltr'><strong>nullo</strong></span> <span class='ocrx_word' id='word_1_207' title='bbox 769 3299 882 3340; x_wconf 77' lang='lat' dir='ltr'><strong>satu</strong></span> <span class='ocrx_word' id='word_1_208' title='bbox 900 3325 914 3346; x_wconf 89' lang='lat'><strong>.</strong></span> <span class='ocrx_word' id='word_1_209' title='bbox 943 3287 1120 3338; x_wconf 80' lang='lat' dir='ltr'><strong>nativa</strong></span> <span class='ocrx_word' id='word_1_210' title='bbox 1141 3303 1272 3356; x_wconf 77' lang='lat' dir='ltr'><strong>qua-</strong></span> 
     </span>
     <span class='ocr_line' id='line_1_36' title="bbox 239 3363 1266 3438; baseline -0.003 -20"><span class='ocrx_word' id='word_1_211' title='bbox 239 3363 367 3419; x_wconf 79' lang='lat' dir='ltr'><strong>dam</strong></span> <span class='ocrx_word' id='word_1_212' title='bbox 418 3377 576 3420; x_wconf 74' lang='lat' dir='ltr'><strong>terrae</strong></span> <span class='ocrx_word' id='word_1_213' title='bbox 603 3368 657 3419; x_wconf 76' lang='lat' dir='ltr'><strong>vi</strong></span> <span class='ocrx_word' id='word_1_214' title='bbox 699 3385 976 3438; x_wconf 81' lang='lat' dir='ltr'><strong>cupressus</strong></span> <span class='ocrx_word' id='word_1_215' title='bbox 1017 3364 1266 3434; x_wconf 86' lang='lat' dir='ltr'><strong>erumpit.</strong></span> 
     </span>
     <span class='ocr_line' id='line_1_37' title="bbox 238 3445 1272 3515; baseline -0.006 -15"><span class='ocrx_word' id='word_1_216' title='bbox 238 3447 326 3500; x_wconf 78' lang='lat' dir='ltr'><strong>sic</strong></span> <span class='ocrx_word' id='word_1_217' title='bbox 377 3458 534 3499; x_wconf 76' lang='lat' dir='ltr'><strong>vetus</strong></span> <span class='ocrx_word' id='word_1_218' title='bbox 573 3445 738 3502; x_wconf 88' lang='lat' dir='ltr'><strong>codex</strong></span> <span class='ocrx_word' id='word_1_219' title='bbox 780 3445 1106 3515; x_wconf 77' lang='lat' dir='ltr'><strong>Dslecampii</strong></span> <span class='ocrx_word' id='word_1_220' title='bbox 1149 3445 1272 3497; x_wconf 74' lang='lat' dir='ltr'><strong>satis</strong></span> 
     </span>
     <span class='ocr_line' id='line_1_38' title="bbox 239 3526 1275 3598; baseline -0.004 -18"><span class='ocrx_word' id='word_1_221' title='bbox 239 3545 371 3580; x_wconf 75' lang='lat' dir='ltr'><strong>sane</strong></span> <span class='ocrx_word' id='word_1_222' title='bbox 384 3527 754 3597; x_wconf 76' lang='lat' dir='ltr'><strong>probabiliter.</strong></span> <span class='ocrx_word' id='word_1_223' title='bbox 773 3528 960 3598; x_wconf 86' lang='lat' dir='ltr'><strong>Neque</strong></span> <span class='ocrx_word' id='word_1_224' title='bbox 982 3539 1156 3578; x_wconf 75' lang='lat' dir='ltr'><strong>tamen</strong></span> <span class='ocrx_word' id='word_1_225' title='bbox 1176 3526 1275 3576; x_wconf 92' lang='lat' dir='ltr'><strong>im·</strong></span> 
     </span>
     <span class='ocr_line' id='line_1_39' title="bbox 237 3604 1275 3679; baseline -0.004 -18"><span class='ocrx_word' id='word_1_226' title='bbox 237 3606 523 3679; x_wconf 74' lang='lat' dir='ltr'><strong>probanda</strong></span> <span class='ocrx_word' id='word_1_227' title='bbox 583 3607 800 3678; x_wconf 87' lang='lat' dir='ltr'><strong>penitus</strong></span> <span class='ocrx_word' id='word_1_228' title='bbox 845 3609 1108 3661; x_wconf 86' lang='lat' dir='ltr'><strong>librorum</strong></span> <span class='ocrx_word' id='word_1_229' title='bbox 1167 3604 1275 3657; x_wconf 87' lang='lat' dir='ltr'><strong>im-</strong></span> 
     </span>
     <span class='ocr_line' id='line_1_40' title="bbox 239 3686 1278 3758; baseline -0.001 -18"><span class='ocrx_word' id='word_1_230' title='bbox 239 3705 554 3758; x_wconf 82' lang='lat' dir='ltr'><strong>pressorum</strong></span> <span class='ocrx_word' id='word_1_231' title='bbox 583 3687 746 3740; x_wconf 90' lang='lat' dir='ltr'><strong>lectio</strong></span> <span class='ocrx_word' id='word_1_232' title='bbox 769 3725 784 3752; x_wconf 91' lang='lat'><strong><em>‚</em></strong></span> <span class='ocrx_word' id='word_1_233' title='bbox 813 3691 907 3739; x_wconf 83' lang='lat' dir='ltr'><strong>nisi</strong></span> <span class='ocrx_word' id='word_1_234' title='bbox 946 3699 1136 3738; x_wconf 76' lang='lat' dir='ltr'><strong>seratur</strong></span> <span class='ocrx_word' id='word_1_235' title='bbox 1173 3686 1278 3739; x_wconf 75' lang='lat' dir='ltr'><strong>alia</strong></span> 
     </span>
     <span class='ocr_line' id='line_1_41' title="bbox 241 3760 1278 3838; baseline -0.001 -18"><span class='ocrx_word' id='word_1_236' title='bbox 241 3765 468 3838; x_wconf 87' lang='lat' dir='ltr'><strong>(nempe</strong></span> <span class='ocrx_word' id='word_1_237' title='bbox 481 3760 679 3836; x_wconf 75' lang='lat' dir='ltr'><strong>arbos‚)</strong></span> <span class='ocrx_word' id='word_1_238' title='bbox 707 3767 809 3818; x_wconf 71' lang='lat' dir='ltr'><strong>koec</strong></span> <span class='ocrx_word' id='word_1_239' title='bbox 827 3770 1068 3837; x_wconf 75' lang='lat' dir='ltr'><strong>gignitur.</strong></span> <span class='ocrx_word' id='word_1_240' title='bbox 1093 3765 1278 3830; x_wconf 85' lang='lat' dir='ltr'><strong>Quum</strong></span> 
     </span>
     <span class='ocr_line' id='line_1_42' title="bbox 241 3846 1278 3918; baseline -0.002 -18"><span class='ocrx_word' id='word_1_241' title='bbox 241 3848 298 3900; x_wconf 81' lang='lat' dir='ltr'><strong>iu</strong></span> <span class='ocrx_word' id='word_1_242' title='bbox 321 3849 460 3918; x_wconf 81' lang='lat' dir='ltr'><strong>Reg.</strong></span> <span class='ocrx_word' id='word_1_243' title='bbox 483 3867 510 3899; x_wconf 63' lang='grc' dir='ltr'>α</span> <span class='ocrx_word' id='word_1_244' title='bbox 530 3886 546 3912; x_wconf 90' lang='grc'><strong>,</strong></span> <span class='ocrx_word' id='word_1_245' title='bbox 574 3851 626 3898; x_wconf 84' lang='lat' dir='ltr'><strong>ni</strong></span> <span class='ocrx_word' id='word_1_246' title='bbox 642 3861 836 3899; x_wconf 82' lang='lat' dir='ltr'><strong>seratur·</strong></span> <span class='ocrx_word' id='word_1_247' title='bbox 859 3848 962 3898; x_wconf 80' lang='lat' dir='ltr'><strong>alia</strong></span> <span class='ocrx_word' id='word_1_248' title='bbox 977 3886 993 3912; x_wconf 93' lang='lat'><strong>,</strong></span> <span class='ocrx_word' id='word_1_249' title='bbox 1019 3846 1278 3915; x_wconf 83' lang='lat' dir='ltr'><strong>scriptum</strong></span> 
     </span>
     <span class='ocr_line' id='line_1_43' title="bbox 245 3926 1276 3999; baseline 0 -19"><span class='ocrx_word' id='word_1_250' title='bbox 245 3927 644 3999; x_wconf 77' lang='lat' dir='ltr'><strong>agnoverimus.</strong></span> <span class='ocrx_word' id='word_1_251' title='bbox 673 3928 738 3980; x_wconf 87' lang='lat' dir='ltr'><strong>In</strong></span> <span class='ocrx_word' id='word_1_252' title='bbox 775 3929 906 3998; x_wconf 82' lang='lat' dir='ltr'><strong>Reg.</strong></span> <span class='ocrx_word' id='word_1_253' title='bbox 948 3945 1004 3990; x_wconf 85' lang='lat'><strong>1,</strong></span> <span class='ocrx_word' id='word_1_254' title='bbox 1037 3926 1276 3980; x_wconf 85' lang='lat' dir='ltr'><strong>Colbcrt.</strong></span> 
     </span>
     <span class='ocr_line' id='line_1_44' title="bbox 252 4007 1278 4073; baseline -0.001 -13"><span class='ocrx_word' id='word_1_255' title='bbox 252 4026 276 4060; x_wconf 86' lang='lat'>1</span> <span class='ocrx_word' id='word_1_256' title='bbox 296 4049 314 4073; x_wconf 91' lang='lat'><strong>,</strong></span> <span class='ocrx_word' id='word_1_257' title='bbox 345 4027 410 4073; x_wconf 64' lang='grc' dir='ltr'><strong>π,</strong></span> <span class='ocrx_word' id='word_1_258' title='bbox 453 4019 507 4059; x_wconf 89' lang='lat' dir='ltr'><strong>et</strong></span> <span class='ocrx_word' id='word_1_259' title='bbox 551 4007 763 4060; x_wconf 81' lang='lat' dir='ltr'><strong>Thuan.</strong></span> <span class='ocrx_word' id='word_1_260' title='bbox 794 4011 889 4060; x_wconf 83' lang='lat' dir='ltr'><strong>nisi</strong></span> <span class='ocrx_word' id='word_1_261' title='bbox 917 4007 1180 4058; x_wconf 77' lang='lat' dir='ltr'><strong>naturalia.</strong></span> <span class='ocrx_word' id='word_1_262' title='bbox 1213 4007 1278 4059; x_wconf 89' lang='lat' dir='ltr'><strong>In</strong></span> 
     </span>
     <span class='ocr_line' id='line_1_45' title="bbox 246 4087 1276 4157; baseline -0.005 -13"><span class='ocrx_word' id='word_1_263' title='bbox 246 4088 410 4144; x_wconf 86' lang='lat' dir='ltr'><strong>Colb.</strong></span> <span class='ocrx_word' id='word_1_264' title='bbox 437 4089 499 4154; x_wconf 87' lang='grc'><strong>3,</strong></span> <span class='ocrx_word' id='word_1_265' title='bbox 531 4091 586 4139; x_wconf 85' lang='lat' dir='ltr'><strong>ni</strong></span> <span class='ocrx_word' id='word_1_266' title='bbox 609 4087 838 4141; x_wconf 76' lang='lat' dir='ltr'><strong>naturali.</strong></span> <span class='ocrx_word' id='word_1_267' title='bbox 872 4087 1001 4140; x_wconf 78' lang='lat' dir='ltr'><strong>Mox</strong></span> <span class='ocrx_word' id='word_1_268' title='bbox 1026 4105 1154 4140; x_wconf 79' lang='lat' dir='ltr'><strong>vero</strong></span> <span class='ocrx_word' id='word_1_269' title='bbox 1175 4103 1276 4157; x_wconf 87' lang='lat' dir='ltr'><strong>pro</strong></span> 
     </span>
    </p>
   </div>
   <div class='ocr_carea' id='block_1_9' title="bbox 1339 1283 2386 3038">
    <p class='ocr_par' dir='ltr' id='par_1_11' title="bbox 1339 1283 2386 3038">
     <span class='ocr_line' id='line_1_46' title="bbox 1339 1283 2365 1357; baseline -0.004 -17"><span class='ocrx_word' id='word_1_270' title='bbox 1339 1290 1536 1342; x_wconf 82' lang='lat' dir='ltr'><strong>ferunt.</strong></span> <span class='ocrx_word' id='word_1_271' title='bbox 1566 1287 1784 1341; x_wconf 78' lang='lat' dir='ltr'><strong>Salmas.</strong></span> <span class='ocrx_word' id='word_1_272' title='bbox 1811 1305 1869 1357; x_wconf 88' lang='lat' dir='ltr'><strong>p.</strong></span> <span class='ocrx_word' id='word_1_273' title='bbox 1900 1285 2033 1356; x_wconf 83' lang='lat'><strong>173,</strong></span> <span class='ocrx_word' id='word_1_274' title='bbox 2051 1283 2109 1336; x_wconf 85' lang='lat' dir='ltr'><strong>Si</strong></span> <span class='ocrx_word' id='word_1_275' title='bbox 2128 1286 2365 1336; x_wconf 77' lang='lat' dir='ltr'><strong>naturalis</strong></span> 
     </span>
     <span class='ocr_line' id='line_1_47' title="bbox 1339 1363 2367 1440; baseline -0.004 -20"><span class='ocrx_word' id='word_1_276' title='bbox 1339 1369 1483 1421; x_wconf 82' lang='lat' dir='ltr'><strong>koec:</strong></span> <span class='ocrx_word' id='word_1_277' title='bbox 1512 1386 1673 1440; x_wconf 78' lang='lat' dir='ltr'><strong>quam</strong></span> <span class='ocrx_word' id='word_1_278' title='bbox 1693 1363 1891 1419; x_wconf 88' lang='lat' dir='ltr'><strong>durum</strong></span> <span class='ocrx_word' id='word_1_279' title='bbox 1918 1364 2083 1418; x_wconf 82' lang='lat' dir='ltr'><strong>illud!</strong></span> <span class='ocrx_word' id='word_1_280' title='bbox 2111 1383 2269 1436; x_wconf 71' lang='lat' dir='ltr'><strong>quatu</strong></span> <span class='ocrx_word' id='word_1_281' title='bbox 2290 1365 2367 1417; x_wconf 90' lang='lat' dir='ltr'><strong>ri-</strong></span> 
     </span>
     <span class='ocr_line' id='line_1_48' title="bbox 1339 1445 2372 1518; baseline -0.004 -16"><span class='ocrx_word' id='word_1_282' title='bbox 1339 1446 1505 1502; x_wconf 85' lang='lat' dir='ltr'><strong>diculi</strong></span> <span class='ocrx_word' id='word_1_283' title='bbox 1533 1447 1745 1502; x_wconf 85' lang='lat' dir='ltr'><strong>seusus!</strong></span> <span class='ocrx_word' id='word_1_284' title='bbox 1776 1445 1984 1518; x_wconf 75' lang='lat' dir='ltr'><strong>Nempe</strong></span> <span class='ocrx_word' id='word_1_285' title='bbox 2006 1446 2050 1499; x_wconf 82' lang='lat' dir='ltr'><strong>si</strong></span> <span class='ocrx_word' id='word_1_286' title='bbox 2074 1446 2295 1517; x_wconf 71' lang='lat' dir='ltr'><strong>propris</strong></span> <span class='ocrx_word' id='word_1_287' title='bbox 2316 1457 2372 1498; x_wconf 85' lang='lat' dir='ltr'><strong>et</strong></span> 
     </span>
     <span class='ocr_line' id='line_1_49' title="bbox 1339 1525 2307 1583; baseline -0.005 0"><span class='ocrx_word' id='word_1_288' title='bbox 1339 1529 1597 1583; x_wconf 78' lang='lat' dir='ltr'><strong>naturalis</strong></span> <span class='ocrx_word' id='word_1_289' title='bbox 1626 1529 1675 1582; x_wconf 87' lang='lat' dir='ltr'><strong>ei</strong></span> <span class='ocrx_word' id='word_1_290' title='bbox 1702 1527 1819 1580; x_wconf 75' lang='lat' dir='ltr'><strong>baec</strong></span> <span class='ocrx_word' id='word_1_291' title='bbox 1844 1539 1985 1580; x_wconf 72' lang='lat' dir='ltr'><strong>terra</strong></span> <span class='ocrx_word' id='word_1_292' title='bbox 2010 1525 2205 1580; x_wconf 79' lang='lat' dir='ltr'><strong>fuerit!</strong></span> <span class='ocrx_word' id='word_1_293' title='bbox 2235 1525 2307 1578; x_wconf 86' lang='grc' dir='ltr'><strong>Η.</strong></span> 
     </span>
     <span class='ocr_line' id='line_1_50' title="bbox 1429 1604 2375 1678; baseline -0.005 -16"><span class='ocrx_word' id='word_1_294' title='bbox 1429 1609 1641 1678; x_wconf 73' lang='lat' dir='ltr'><strong>27.Jlla</strong></span> <span class='ocrx_word' id='word_1_295' title='bbox 1665 1626 1785 1659; x_wconf 77' lang='lat' dir='ltr'><strong>vero</strong></span> <span class='ocrx_word' id='word_1_296' title='bbox 1806 1609 1968 1659; x_wconf 79' lang='lat' dir='ltr'><strong>etiam.</strong></span> <span class='ocrx_word' id='word_1_297' title='bbox 1994 1608 2061 1658; x_wconf 89' lang='lat' dir='ltr'><strong>In</strong></span> <span class='ocrx_word' id='word_1_298' title='bbox 2085 1605 2270 1660; x_wconf 73' lang='lat' dir='ltr'><strong>eadem</strong></span> <span class='ocrx_word' id='word_1_299' title='bbox 2293 1604 2375 1657; x_wconf 88' lang='lat' dir='ltr'><strong>iu-</strong></span> 
     </span>
     <span class='ocr_line' id='line_1_51' title="bbox 1345 1686 2375 1760; baseline -0.004 -18"><span class='ocrx_word' id='word_1_300' title='bbox 1345 1687 1490 1751; x_wconf 75' lang='lat' dir='ltr'><strong>suln,</strong></span> <span class='ocrx_word' id='word_1_301' title='bbox 1532 1687 1737 1760; x_wconf 86' lang='lat' dir='ltr'><strong>inquit,</strong></span> <span class='ocrx_word' id='word_1_302' title='bbox 1765 1705 1877 1740; x_wconf 86' lang='lat' dir='ltr'><strong>nou</strong></span> <span class='ocrx_word' id='word_1_303' title='bbox 1908 1687 2080 1739; x_wconf 84' lang='lat' dir='ltr'><strong>solum</strong></span> <span class='ocrx_word' id='word_1_304' title='bbox 2122 1686 2375 1756; x_wconf 79' lang='lat' dir='ltr'><strong>impressa</strong></span> 
     </span>
     <span class='ocr_line' id='line_1_52' title="bbox 1343 1766 2374 1836; baseline -0.006 -14"><span class='ocrx_word' id='word_1_305' title='bbox 1343 1768 1537 1822; x_wconf 77' lang='lat' dir='ltr'><strong>leviter</strong></span> <span class='ocrx_word' id='word_1_306' title='bbox 1560 1769 1780 1831; x_wconf 87' lang='lat' dir='ltr'><strong>tellure,</strong></span> <span class='ocrx_word' id='word_1_307' title='bbox 1799 1766 1950 1820; x_wconf 87' lang='lat' dir='ltr'><strong>nullo</strong></span> <span class='ocrx_word' id='word_1_308' title='bbox 1968 1779 2083 1820; x_wconf 78' lang='lat' dir='ltr'><strong>satu</strong></span> <span class='ocrx_word' id='word_1_309' title='bbox 2103 1785 2167 1820; x_wconf 75' lang='lat' dir='ltr'><strong>ac</strong></span> <span class='ocrx_word' id='word_1_310' title='bbox 2181 1777 2374 1836; x_wconf 83' lang='lat' dir='ltr'><strong>sponte</strong></span> 
     </span>
     <span class='ocr_line' id='line_1_53' title="bbox 1347 1843 2374 1919; baseline -0.002 -21"><span class='ocrx_word' id='word_1_311' title='bbox 1347 1847 1586 1918; x_wconf 78' lang='lat' dir='ltr'><strong>gignitur</strong></span> <span class='ocrx_word' id='word_1_312' title='bbox 1634 1864 1914 1919; x_wconf 81' lang='lat' dir='ltr'><strong>cupressus</strong></span> <span class='ocrx_word' id='word_1_313' title='bbox 1934 1883 1952 1910; x_wconf 88' lang='lat'><strong>‚</strong></span> <span class='ocrx_word' id='word_1_314' title='bbox 2009 1843 2157 1917; x_wconf 86' lang='lat' dir='ltr'><strong>quod</strong></span> <span class='ocrx_word' id='word_1_315' title='bbox 2206 1863 2374 1898; x_wconf 85' lang='lat' dir='ltr'><strong>uuum</strong></span> 
     </span>
     <span class='ocr_line' id='line_1_54' title="bbox 1347 1923 2375 2000; baseline -0.006 -18"><span class='ocrx_word' id='word_1_316' title='bbox 1347 1927 1758 2000; x_wconf 77' lang='lat' dir='ltr'><strong>Theophrastus</strong></span> <span class='ocrx_word' id='word_1_317' title='bbox 1780 1923 1849 1978; x_wconf 85' lang='lat' dir='ltr'><strong>de</strong></span> <span class='ocrx_word' id='word_1_318' title='bbox 1884 1926 1975 1978; x_wconf 86' lang='lat' dir='ltr'><strong>iua</strong></span> <span class='ocrx_word' id='word_1_319' title='bbox 2011 1924 2218 1996; x_wconf 82' lang='lat' dir='ltr'><strong>scripsit</strong></span> <span class='ocrx_word' id='word_1_320' title='bbox 2243 1943 2256 1975; x_wconf 74' lang='grc' dir='ltr'><strong><em>ε</em></strong></span> <span class='ocrx_word' id='word_1_321' title='bbox 2282 1943 2375 1976; x_wconf 82' lang='lat' dir='ltr'><strong>ve-</strong></span> 
     </span>
     <span class='ocr_line' id='line_1_55' title="bbox 1349 2005 2377 2070; baseline -0.006 -8"><span class='ocrx_word' id='word_1_322' title='bbox 1349 2025 1468 2062; x_wconf 87' lang='lat' dir='ltr'><strong>rum</strong></span> <span class='ocrx_word' id='word_1_323' title='bbox 1493 2007 1651 2060; x_wconf 82' lang='lat' dir='ltr'><strong>etiam</strong></span> <span class='ocrx_word' id='word_1_324' title='bbox 1680 2024 1791 2058; x_wconf 90' lang='lat' dir='ltr'><strong>nou</strong></span> <span class='ocrx_word' id='word_1_325' title='bbox 1812 2018 2077 2058; x_wconf 78' lang='lat' dir='ltr'><strong>commota</strong></span> <span class='ocrx_word' id='word_1_326' title='bbox 2092 2005 2377 2070; x_wconf 76' lang='lat' dir='ltr'><strong>terra,hoc</strong></span> 
     </span>
     <span class='ocr_line' id='line_1_56' title="bbox 1349 2085 2379 2156; baseline -0.004 -15"><span class='ocrx_word' id='word_1_327' title='bbox 1349 2099 1460 2152; x_wconf 83' lang='lat' dir='ltr'><strong>est,</strong></span> <span class='ocrx_word' id='word_1_328' title='bbox 1498 2105 1610 2138; x_wconf 88' lang='lat' dir='ltr'><strong>non</strong></span> <span class='ocrx_word' id='word_1_329' title='bbox 1650 2086 1919 2156; x_wconf 74' lang='lat' dir='ltr'><strong>appellato</strong></span> <span class='ocrx_word' id='word_1_330' title='bbox 1954 2103 2016 2139; x_wconf 76' lang='lat' dir='ltr'><strong>sc</strong></span> <span class='ocrx_word' id='word_1_331' title='bbox 2058 2085 2379 2137; x_wconf 79' lang='lat' dir='ltr'><strong>fossionibus</strong></span> 
     </span>
     <span class='ocr_line' id='line_1_57' title="bbox 1349 2164 2379 2237; baseline -0.005 -16"><span class='ocrx_word' id='word_1_332' title='bbox 1349 2167 1629 2221; x_wconf 66' lang='lat' dir='ltr'><strong>sollicitato</strong></span> <span class='ocrx_word' id='word_1_333' title='bbox 1658 2166 1805 2230; x_wconf 85' lang='lat' dir='ltr'><strong>solo,</strong></span> <span class='ocrx_word' id='word_1_334' title='bbox 1836 2179 1889 2218; x_wconf 92' lang='lat' dir='ltr'><strong>et</strong></span> <span class='ocrx_word' id='word_1_335' title='bbox 1915 2165 2064 2236; x_wconf 76' lang='lat' dir='ltr'><strong>quasi</strong></span> <span class='ocrx_word' id='word_1_336' title='bbox 2080 2164 2149 2216; x_wconf 81' lang='lat' dir='ltr'><strong>ad</strong></span> <span class='ocrx_word' id='word_1_337' title='bbox 2165 2165 2379 2237; x_wconf 81' lang='lat' dir='ltr'><strong>parien-</strong></span> 
     </span>
     <span class='ocr_line' id='line_1_58' title="bbox 1351 2244 2269 2316; baseline -0.004 -16"><span class='ocrx_word' id='word_1_338' title='bbox 1351 2245 1484 2300; x_wconf 87' lang='lat' dir='ltr'><strong>dum</strong></span> <span class='ocrx_word' id='word_1_339' title='bbox 1513 2245 1817 2316; x_wconf 83' lang='lat' dir='ltr'><strong>compuls0,</strong></span> <span class='ocrx_word' id='word_1_340' title='bbox 1842 2244 1934 2298; x_wconf 83' lang='lat' dir='ltr'><strong>sed</strong></span> <span class='ocrx_word' id='word_1_341' title='bbox 1961 2256 2170 2315; x_wconf 89' lang='lat' dir='ltr'><strong>sponte.</strong></span> <span class='ocrx_word' id='word_1_342' title='bbox 2198 2244 2269 2296; x_wconf 91' lang='lat' dir='ltr'><strong>H.</strong></span> 
     </span>
     <span class='ocr_line' id='line_1_59' title="bbox 1436 2321 2376 2396; baseline -0.006 -15"><span class='ocrx_word' id='word_1_343' title='bbox 1436 2329 1529 2381; x_wconf 77' lang='lat'><strong>28.</strong></span> <span class='ocrx_word' id='word_1_344' title='bbox 1560 2327 1642 2380; x_wconf 80' lang='lat' dir='ltr'><strong>Ac</strong></span> <span class='ocrx_word' id='word_1_345' title='bbox 1660 2337 1843 2396; x_wconf 75' lang='lat' dir='ltr'><strong>sponte.</strong></span> <span class='ocrx_word' id='word_1_346' title='bbox 1870 2326 1951 2378; x_wconf 76' lang='lat' dir='ltr'><strong>Ita</strong></span> <span class='ocrx_word' id='word_1_347' title='bbox 1980 2323 2134 2389; x_wconf 90' lang='lat' dir='ltr'><strong>libri,</strong></span> <span class='ocrx_word' id='word_1_348' title='bbox 2153 2336 2208 2377; x_wconf 89' lang='lat' dir='ltr'><strong>et</strong></span> <span class='ocrx_word' id='word_1_349' title='bbox 2224 2321 2376 2377; x_wconf 83' lang='lat' dir='ltr'><strong>MSS.</strong></span> 
     </span>
     <span class='ocr_line' id='line_1_60' title="bbox 1351 2403 2381 2476; baseline -0.004 -16"><span class='ocrx_word' id='word_1_350' title='bbox 1351 2425 1559 2460; x_wconf 86' lang='lat' dir='ltr'><strong>omues.</strong></span> <span class='ocrx_word' id='word_1_351' title='bbox 1588 2407 1701 2458; x_wconf 85' lang='lat' dir='ltr'><strong>Etsi</strong></span> <span class='ocrx_word' id='word_1_352' title='bbox 1729 2425 1789 2456; x_wconf 68' lang='lat' dir='ltr'><strong>ez</strong></span> <span class='ocrx_word' id='word_1_353' title='bbox 1818 2424 1991 2476; x_wconf 80' lang='lat' dir='ltr'><strong>sponso</strong></span> <span class='ocrx_word' id='word_1_354' title='bbox 2018 2405 2122 2475; x_wconf 76' lang='lat' dir='ltr'><strong>legi</strong></span> <span class='ocrx_word' id='word_1_355' title='bbox 2163 2403 2381 2459; x_wconf 68' lang='lat' dir='ltr'><strong>Petavio</strong></span> 
     </span>
     <span class='ocr_line' id='line_1_61' title="bbox 1351 2485 2379 2559; baseline -0.005 -19"><span class='ocrx_word' id='word_1_356' title='bbox 1351 2493 1424 2559; x_wconf 80' lang='grc' dir='ltr'><strong>τῷ</strong></span> <span class='ocrx_word' id='word_1_357' title='bbox 1453 2487 1705 2558; x_wconf 74' lang='grc' dir='ltr'>μακαρίτῃ</span> <span class='ocrx_word' id='word_1_358' title='bbox 1728 2486 1900 2557; x_wconf 80' lang='lat' dir='ltr'><strong>placet</strong></span> <span class='ocrx_word' id='word_1_359' title='bbox 1924 2485 1979 2537; x_wconf 91' lang='lat' dir='ltr'><strong>iu</strong></span> <span class='ocrx_word' id='word_1_360' title='bbox 2018 2485 2169 2538; x_wconf 83' lang='lat' dir='ltr'><strong>Misc.</strong></span> <span class='ocrx_word' id='word_1_361' title='bbox 2194 2485 2379 2538; x_wconf 86' lang='lat' dir='ltr'><strong>Exere.</strong></span> 
     </span>
     <span class='ocr_line' id='line_1_62' title="bbox 1354 2562 2383 2638; baseline -0.004 -18"><span class='ocrx_word' id='word_1_362' title='bbox 1354 2585 1474 2638; x_wconf 77' lang='lat' dir='ltr'><strong>cap.</strong></span> <span class='ocrx_word' id='word_1_363' title='bbox 1518 2585 1583 2620; x_wconf 81' lang='grc' dir='ltr'><strong>ιι</strong></span> <span class='ocrx_word' id='word_1_364' title='bbox 1616 2605 1633 2632; x_wconf 88' lang='grc'><strong>,</strong></span> <span class='ocrx_word' id='word_1_365' title='bbox 1674 2565 1928 2638; x_wconf 74' lang='lat' dir='ltr'><strong>quoniam</strong></span> <span class='ocrx_word' id='word_1_366' title='bbox 1969 2562 2099 2616; x_wconf 85' lang='lat' dir='ltr'><strong>dum</strong></span> <span class='ocrx_word' id='word_1_367' title='bbox 2138 2565 2333 2617; x_wconf 87' lang='lat' dir='ltr'><strong>colitur</strong></span> <span class='ocrx_word' id='word_1_368' title='bbox 2365 2600 2383 2628; x_wconf 87' lang='lat'><strong>,</strong></span> 
     </span>
     <span class='ocr_line' id='line_1_63' title="bbox 1354 2643 2386 2717; baseline -0.004 -17"><span class='ocrx_word' id='word_1_369' title='bbox 1354 2659 1741 2717; x_wconf 84' lang='lat' dir='ltr'><strong>exerceturque</strong></span> <span class='ocrx_word' id='word_1_370' title='bbox 1754 2657 1913 2707; x_wconf 74' lang='lat' dir='ltr'><strong>terra,</strong></span> <span class='ocrx_word' id='word_1_371' title='bbox 1933 2643 2081 2715; x_wconf 76' lang='lat' dir='ltr'><strong>quasi</strong></span> <span class='ocrx_word' id='word_1_372' title='bbox 2096 2662 2237 2697; x_wconf 88' lang='lat' dir='ltr'><strong>nexu</strong></span> <span class='ocrx_word' id='word_1_373' title='bbox 2252 2663 2386 2716; x_wconf 89' lang='lat' dir='ltr'><strong>quo-</strong></span> 
     </span>
     <span class='ocr_line' id='line_1_64' title="bbox 1355 2723 2385 2798; baseline -0.005 -18"><span class='ocrx_word' id='word_1_374' title='bbox 1355 2727 1478 2780; x_wconf 76' lang='lat' dir='ltr'><strong>dam</strong></span> <span class='ocrx_word' id='word_1_375' title='bbox 1509 2726 1806 2798; x_wconf 80' lang='lat' dir='ltr'><strong>obligatur,</strong></span> <span class='ocrx_word' id='word_1_376' title='bbox 1845 2738 1907 2778; x_wconf 89' lang='lat' dir='ltr'><strong>ut</strong></span> <span class='ocrx_word' id='word_1_377' title='bbox 1944 2743 2013 2776; x_wconf 82' lang='lat' dir='ltr'><strong>ex</strong></span> <span class='ocrx_word' id='word_1_378' title='bbox 2037 2743 2255 2794; x_wconf 81' lang='lat' dir='ltr'><strong>sponso.</strong></span> <span class='ocrx_word' id='word_1_379' title='bbox 2298 2723 2385 2776; x_wconf 80' lang='lat' dir='ltr'><strong>vel</strong></span> 
     </span>
     <span class='ocr_line' id='line_1_65' title="bbox 1355 2803 2385 2874; baseline -0.004 -14"><span class='ocrx_word' id='word_1_380' title='bbox 1355 2818 1418 2860; x_wconf 90' lang='lat' dir='ltr'><strong>ut</strong></span> <span class='ocrx_word' id='word_1_381' title='bbox 1447 2807 1535 2860; x_wconf 76' lang='lat' dir='ltr'><strong>alii</strong></span> <span class='ocrx_word' id='word_1_382' title='bbox 1564 2807 1736 2867; x_wconf 79' lang='lat' dir='ltr'><strong>aiunt,</strong></span> <span class='ocrx_word' id='word_1_383' title='bbox 1766 2823 1831 2858; x_wconf 85' lang='lat' dir='ltr'><strong>ex</strong></span> <span class='ocrx_word' id='word_1_384' title='bbox 1858 2822 2087 2874; x_wconf 83' lang='lat' dir='ltr'><strong>sponsu,</strong></span> <span class='ocrx_word' id='word_1_385' title='bbox 2122 2803 2273 2857; x_wconf 76' lang='lat' dir='ltr'><strong>citari</strong></span> <span class='ocrx_word' id='word_1_386' title='bbox 2294 2821 2385 2856; x_wconf 91' lang='lat' dir='ltr'><strong>co-</strong></span> 
     </span>
     <span class='ocr_line' id='line_1_66' title="bbox 1356 2881 2386 2958; baseline -0.004 -19"><span class='ocrx_word' id='word_1_387' title='bbox 1356 2887 1520 2958; x_wconf 76' lang='lat' dir='ltr'><strong>gique</strong></span> <span class='ocrx_word' id='word_1_388' title='bbox 1558 2886 1725 2958; x_wconf 84' lang='lat' dir='ltr'><strong>possit</strong></span> <span class='ocrx_word' id='word_1_389' title='bbox 1766 2883 1833 2938; x_wconf 78' lang='lat' dir='ltr'><strong>ad</strong></span> <span class='ocrx_word' id='word_1_390' title='bbox 1879 2881 2220 2938; x_wconf 83' lang='lat' dir='ltr'><strong>reddendum</strong></span> <span class='ocrx_word' id='word_1_391' title='bbox 2265 2903 2386 2936; x_wconf 89' lang='lat' dir='ltr'><strong>mu·</strong></span> 
     </span>
     <span class='ocr_line' id='line_1_67' title="bbox 1359 2963 2385 3038; baseline -0.004 -19"><span class='ocrx_word' id='word_1_392' title='bbox 1359 2978 1534 3019; x_wconf 89' lang='lat' dir='ltr'><strong>tuum.</strong></span> <span class='ocrx_word' id='word_1_393' title='bbox 1582 2967 1797 3038; x_wconf 80' lang='lat' dir='ltr'><strong>Sponsus</strong></span> <span class='ocrx_word' id='word_1_394' title='bbox 1845 2983 1947 3036; x_wconf 89' lang='lat' dir='ltr'><strong>pro</strong></span> <span class='ocrx_word' id='word_1_395' title='bbox 1992 2965 2278 3036; x_wconf 84' lang='lat' dir='ltr'><strong>sponsione</strong></span> <span class='ocrx_word' id='word_1_396' title='bbox 2328 2963 2385 3016; x_wconf 88' lang='lat' dir='ltr'><strong>in</strong></span> 
     </span>
    </p>
   </div>
   <div class='ocr_carea' id='block_1_10' title="bbox 1357 3044 2390 3180">
    <p class='ocr_par' dir='ltr' id='par_1_12' title="bbox 1357 3044 2390 3178">
     <span class='ocr_line' id='line_1_68' title="bbox 1358 3044 2390 3117; baseline -0.005 -18"><span class='ocrx_word' id='word_1_397' title='bbox 1358 3047 1480 3117; x_wconf 82' lang='lat' dir='ltr'><strong>Dig.</strong></span> <span class='ocrx_word' id='word_1_398' title='bbox 1511 3047 1593 3099; x_wconf 86' lang='lat' dir='ltr'><strong>tit.</strong></span> <span class='ocrx_word' id='word_1_399' title='bbox 1627 3046 1696 3099; x_wconf 90' lang='lat' dir='ltr'><strong>de</strong></span> <span class='ocrx_word' id='word_1_400' title='bbox 1718 3046 1886 3099; x_wconf 84' lang='lat' dir='ltr'><strong>Verb.</strong></span> <span class='ocrx_word' id='word_1_401' title='bbox 1917 3044 2013 3115; x_wconf 80' lang='lat' dir='ltr'><strong>sig.</strong></span> <span class='ocrx_word' id='word_1_402' title='bbox 2039 3045 2232 3116; x_wconf 84' lang='lat' dir='ltr'><strong>legitur</strong></span> <span class='ocrx_word' id='word_1_403' title='bbox 2249 3063 2390 3114; x_wconf 78' lang='lat' dir='ltr'><strong>spon·</strong></span> 
     </span>
     <span class='ocr_line' id='line_1_69' title="bbox 1357 3124 1664 3180; baseline -0.007 -2"><span class='ocrx_word' id='word_1_404' title='bbox 1357 3129 1448 3179; x_wconf 79' lang='lat' dir='ltr'><strong>sio.</strong></span> <span class='ocrx_word' id='word_1_405' title='bbox 1479 3124 1664 3180; x_wconf 67' lang='lat' dir='ltr'><strong>llum.</strong></span> 
     </span>
    </p>
   </div>
   <div class='ocr_carea' id='block_1_11' title="bbox 1357 3201 2393 4158">
    <p class='ocr_par' dir='ltr' id='par_1_13' title="bbox 1357 3201 2389 3756">
     <span class='ocr_line' id='line_1_70' title="bbox 1445 3201 2385 3276; baseline -0.005 -19"><span class='ocrx_word' id='word_1_406' title='bbox 1445 3207 1631 3276; x_wconf 76' lang='lat' dir='ltr'><strong>29.1n</strong></span> <span class='ocrx_word' id='word_1_407' title='bbox 1668 3201 2385 3274; x_wconf 67' lang='lat' dir='ltr'><strong>Idoeszs.Theoph1-ast.11ist.</strong></span> 
     </span>
     <span class='ocr_line' id='line_1_71' title="bbox 1357 3273 2387 3354; baseline -0.007 -16"><span class='ocrx_word' id='word_1_408' title='bbox 1357 3285 1454 3339; x_wconf 90' lang='lat' dir='ltr'><strong>lib.</strong></span> <span class='ocrx_word' id='word_1_409' title='bbox 1477 3287 1581 3346; x_wconf 89' lang='lat' dir='ltr'><strong>IV,</strong></span> <span class='ocrx_word' id='word_1_410' title='bbox 1612 3302 1728 3354; x_wconf 74' lang='lat' dir='ltr'><strong>cap.</strong></span> <span class='ocrx_word' id='word_1_411' title='bbox 1758 3299 1818 3335; x_wconf 84' lang='lat'><strong>1.</strong></span> <span class='ocrx_word' id='word_1_412' title='bbox 1804 3273 1903 3336; x_wconf 65' lang='grc' dir='ltr'><strong>’ἐν</strong></span> <span class='ocrx_word' id='word_1_413' title='bbox 1928 3284 2100 3354; x_wconf 69' lang='grc' dir='ltr'>Κρήτῃ</span> <span class='ocrx_word' id='word_1_414' title='bbox 2114 3288 2225 3353; x_wconf 74' lang='grc' dir='ltr'>γοῦν</span> <span class='ocrx_word' id='word_1_415' title='bbox 2242 3280 2387 3350; x_wconf 79' lang='grc' dir='ltr'>φασὶν</span> 
     </span>
     <span class='ocr_line' id='line_1_72' title="bbox 1358 3355 2389 3432; baseline -0.006 -13"><span class='ocrx_word' id='word_1_416' title='bbox 1358 3369 1406 3419; x_wconf 71' lang='grc' dir='ltr'><strong>ἰν</strong></span> <span class='ocrx_word' id='word_1_417' title='bbox 1437 3369 1535 3420; x_wconf 70' lang='grc' dir='ltr'><strong>τοῖς</strong></span> <span class='ocrx_word' id='word_1_418' title='bbox 1556 3355 1743 3424; x_wconf 69' lang='grc' dir='ltr'><strong>Ῐδαῖοις</strong></span> <span class='ocrx_word' id='word_1_419' title='bbox 1768 3363 1932 3432; x_wconf 74' lang='grc' dir='ltr'><strong>ὅριοι,</strong></span> <span class='ocrx_word' id='word_1_420' title='bbox 1960 3363 2045 3415; x_wconf 72' lang='grc' dir='ltr'><strong>καὶ</strong></span> <span class='ocrx_word' id='word_1_421' title='bbox 2070 3365 2116 3415; x_wconf 73' lang='grc' dir='ltr'><strong>ἐν</strong></span> <span class='ocrx_word' id='word_1_422' title='bbox 2139 3364 2239 3422; x_wconf 79' lang='grc' dir='ltr'>τοῖς</span> <span class='ocrx_word' id='word_1_423' title='bbox 2261 3369 2389 3413; x_wconf 79' lang='grc' dir='ltr'><strong>Δω-</strong></span> 
     </span>
     <span class='ocr_line' id='line_1_73' title="bbox 1359 3435 2389 3514; baseline -0.007 -15"><span class='ocrx_word' id='word_1_424' title='bbox 1359 3449 1458 3507; x_wconf 78' lang='grc' dir='ltr'><strong>κοῖς</strong></span> <span class='ocrx_word' id='word_1_425' title='bbox 1480 3446 1811 3514; x_wconf 69' lang='grc' dir='ltr'><strong>καλουμένοις,</strong></span> <span class='ocrx_word' id='word_1_426' title='bbox 1831 3442 2026 3496; x_wconf 72' lang='grc' dir='ltr'><strong>ἐπὶτῶν</strong></span> <span class='ocrx_word' id='word_1_427' title='bbox 2052 3435 2293 3513; x_wconf 48' lang='lat' dir='ltr'><strong>dapum*</strong></span> <span class='ocrx_word' id='word_1_428' title='bbox 2243 3459 2389 3511; x_wconf 75' lang='grc' dir='ltr'>ουπιρ</span> 
     </span>
     <span class='ocr_line' id='line_1_74' title="bbox 1361 3521 2387 3592; baseline -0.005 -14"><span class='ocrx_word' id='word_1_429' title='bbox 1361 3522 1604 3578; x_wconf 65' lang='grc' dir='ltr'><strong>οὐδέποτε</strong></span> <span class='ocrx_word' id='word_1_430' title='bbox 1634 3525 1871 3576; x_wconf 67' lang='grc' dir='ltr'><strong>ἐπιλείπει</strong></span> <span class='ocrx_word' id='word_1_431' title='bbox 1906 3522 2024 3591; x_wconf 74' lang='grc' dir='ltr'><strong>χιὼν</strong></span> <span class='ocrx_word' id='word_1_432' title='bbox 2046 3559 2061 3587; x_wconf 86' lang='grc'><strong>,</strong></span> <span class='ocrx_word' id='word_1_433' title='bbox 2090 3521 2387 3592; x_wconf 76' lang='grc' dir='ltr'><strong>κυπάριττον</strong></span> 
     </span>
     <span class='ocr_line' id='line_1_75' title="bbox 1363 3601 2387 3675; baseline -0.007 -16"><span class='ocrx_word' id='word_1_434' title='bbox 1363 3601 1506 3659; x_wconf 78' lang='grc' dir='ltr'>εἶναι.</span> <span class='ocrx_word' id='word_1_435' title='bbox 1532 3605 1673 3658; x_wconf 86' lang='lat' dir='ltr'><strong>Hinc</strong></span> <span class='ocrx_word' id='word_1_436' title='bbox 1698 3601 1841 3675; x_wconf 76' lang='lat' dir='ltr'><strong>apud</strong></span> <span class='ocrx_word' id='word_1_437' title='bbox 1862 3603 2053 3673; x_wconf 80' lang='lat' dir='ltr'><strong>virgil.</strong></span> <span class='ocrx_word' id='word_1_438' title='bbox 2070 3603 2267 3672; x_wconf 88' lang='lat' dir='ltr'><strong>Georg.</strong></span> <span class='ocrx_word' id='word_1_439' title='bbox 2290 3601 2387 3654; x_wconf 85' lang='lat' dir='ltr'><strong>lib.</strong></span> 
     </span>
     <span class='ocr_line' id='line_1_76' title="bbox 1364 3681 2388 3756; baseline -0.007 -17"><span class='ocrx_word' id='word_1_440' title='bbox 1364 3687 1444 3745; x_wconf 88' lang='lat'><strong>11,</strong></span> <span class='ocrx_word' id='word_1_441' title='bbox 1470 3703 1607 3738; x_wconf 78' lang='lat' dir='ltr'><strong>vers.</strong></span> <span class='ocrx_word' id='word_1_442' title='bbox 1634 3687 1704 3748; x_wconf 74' lang='grc'><strong>84</strong></span> <span class='ocrx_word' id='word_1_443' title='bbox 1726 3722 1742 3748; x_wconf 87' lang='grc'><strong>,</strong></span> <span class='ocrx_word' id='word_1_444' title='bbox 1764 3683 1915 3735; x_wconf 77' lang='lat' dir='ltr'><strong>Jdoeoe</strong></span> <span class='ocrx_word' id='word_1_445' title='bbox 1936 3685 2184 3756; x_wconf 75' lang='lat' dir='ltr'><strong>cyparissi.</strong></span> <span class='ocrx_word' id='word_1_446' title='bbox 2206 3681 2388 3733; x_wconf 79' lang='lat' dir='ltr'><strong>Hum.</strong></span> 
     </span>
    </p>

    <p class='ocr_par' dir='ltr' id='par_1_14' title="bbox 1365 3763 2393 4158">
     <span class='ocr_line' id='line_1_77' title="bbox 1450 3763 2387 3836; baseline -0.005 -18"><span class='ocrx_word' id='word_1_447' title='bbox 1450 3764 1538 3818; x_wconf 89' lang='grc' dir='ltr'><strong>3ο.</strong></span> <span class='ocrx_word' id='word_1_448' title='bbox 1570 3765 1646 3816; x_wconf 79' lang='lat' dir='ltr'><strong>Et</strong></span> <span class='ocrx_word' id='word_1_449' title='bbox 1687 3783 1805 3836; x_wconf 84' lang='lat' dir='ltr'><strong>quos·</strong></span> <span class='ocrx_word' id='word_1_450' title='bbox 1844 3763 2003 3816; x_wconf 80' lang='lat' dir='ltr'><strong>Albos</strong></span> <span class='ocrx_word' id='word_1_451' title='bbox 2040 3775 2248 3828; x_wconf 73' lang='lat' dir='ltr'><strong>vocant,</strong></span> <span class='ocrx_word' id='word_1_452' title='bbox 2285 3773 2387 3815; x_wconf 86' lang='lat' dir='ltr'><strong>etc.</strong></span> 
     </span>
     <span class='ocr_line' id='line_1_78' title="bbox 1365 3843 2392 3916; baseline -0.006 -18"><span class='ocrx_word' id='word_1_453' title='bbox 1365 3846 1507 3916; x_wconf 78' lang='lat' dir='ltr'><strong>Lege</strong></span> <span class='ocrx_word' id='word_1_454' title='bbox 1526 3863 1575 3896; x_wconf 74' lang='lat' dir='ltr'><strong>:c</strong></span> <span class='ocrx_word' id='word_1_455' title='bbox 1595 3847 1662 3896; x_wconf 86' lang='lat' dir='ltr'><strong>Et</strong></span> <span class='ocrx_word' id='word_1_456' title='bbox 1678 3861 1811 3914; x_wconf 87' lang='lat' dir='ltr'><strong>quos</strong></span> <span class='ocrx_word' id='word_1_457' title='bbox 1826 3843 1997 3896; x_wconf 80' lang='lat' dir='ltr'><strong>Albos</strong></span> <span class='ocrx_word' id='word_1_458' title='bbox 2006 3855 2198 3896; x_wconf 76' lang='lat' dir='ltr'><strong>vocant</strong></span> <span class='ocrx_word' id='word_1_459' title='bbox 2213 3881 2230 3907; x_wconf 89' lang='lat'><strong>,</strong></span> <span class='ocrx_word' id='word_1_460' title='bbox 2243 3859 2392 3894; x_wconf 85' lang='lat' dir='ltr'><strong>sum-</strong></span> 
     </span>
     <span class='ocr_line' id='line_1_79' title="bbox 1365 3921 2385 3996; baseline -0.005 -19"><span class='ocrx_word' id='word_1_461' title='bbox 1365 3926 1573 3996; x_wconf 85' lang='lat' dir='ltr'><strong>misque</strong></span> <span class='ocrx_word' id='word_1_462' title='bbox 1590 3925 1645 3977; x_wconf 89' lang='lat' dir='ltr'><strong>in</strong></span> <span class='ocrx_word' id='word_1_463' title='bbox 1668 3925 1731 3976; x_wconf 87' lang='lat' dir='ltr'><strong>iis</strong></span> <span class='ocrx_word' id='word_1_464' title='bbox 1748 3921 1892 3976; x_wconf 86' lang='lat' dir='ltr'><strong>uude</strong></span> <span class='ocrx_word' id='word_1_465' title='bbox 1907 3940 2197 3993; x_wconf 74' lang='lat' dir='ltr'><strong>numquam</strong></span> <span class='ocrx_word' id='word_1_466' title='bbox 2215 3960 2231 3986; x_wconf 89' lang='lat'><strong>,</strong></span> <span class='ocrx_word' id='word_1_467' title='bbox 2250 3933 2347 3974; x_wconf 92' lang='lat' dir='ltr'><strong>etc.</strong></span> <span class='ocrx_word' id='word_1_468' title='bbox 2360 3947 2385 3970; x_wconf 72' lang='grc' dir='ltr'>ι</span> 
     </span>
     <span class='ocr_line' id='line_1_80' title="bbox 1366 4001 2390 4058; baseline -0.004 0"><span class='ocrx_word' id='word_1_469' title='bbox 1366 4008 1447 4058; x_wconf 90' lang='lat' dir='ltr'><strong>De</strong></span> <span class='ocrx_word' id='word_1_470' title='bbox 1479 4005 1699 4058; x_wconf 86' lang='lat' dir='ltr'><strong>summis</strong></span> <span class='ocrx_word' id='word_1_471' title='bbox 1725 4003 1873 4056; x_wconf 79' lang='lat' dir='ltr'><strong>Albis</strong></span> <span class='ocrx_word' id='word_1_472' title='bbox 1896 4003 2169 4056; x_wconf 83' lang='lat' dir='ltr'><strong>montibus</strong></span> <span class='ocrx_word' id='word_1_473' title='bbox 2194 4001 2390 4054; x_wconf 86' lang='lat' dir='ltr'><strong>intelli-</strong></span> 
     </span>
     <span class='ocr_line' id='line_1_81' title="bbox 1365 4082 2393 4158; baseline -0.004 -19"><span class='ocrx_word' id='word_1_474' title='bbox 1365 4087 1470 4158; x_wconf 80' lang='lat' dir='ltr'><strong>git,</strong></span> <span class='ocrx_word' id='word_1_475' title='bbox 1503 4083 1644 4138; x_wconf 87' lang='lat' dir='ltr'><strong>unde</strong></span> <span class='ocrx_word' id='word_1_476' title='bbox 1670 4103 1962 4156; x_wconf 77' lang='lat' dir='ltr'><strong>numquam</strong></span> <span class='ocrx_word' id='word_1_477' title='bbox 1984 4083 2131 4136; x_wconf 77' lang='lat' dir='ltr'><strong>nives</strong></span> <span class='ocrx_word' id='word_1_478' title='bbox 2165 4082 2355 4136; x_wconf 75' lang='lat' dir='ltr'><strong>absunt</strong></span> <span class='ocrx_word' id='word_1_479' title='bbox 2372 4120 2393 4147; x_wconf 85' lang='lat'>‚</span> 
     </span>
    </p>
   </div>
  </div>
 </body>
</html>
