2984 5009
928 474 1029 543 LI
1047 474 1248 545 BER
1302 474 1517 544 XVI.
2141 479 2292 575 493

178 606 469 703 neglectae
484 604 819 701 religionis
838 619 969 692 est,
1000 608 1182 701 quod
1216 622 1524 679 emortuo
1551 608 1842 678 carbone
1865 609 2295 682 sacrificatur.

178 714 367 783 Glans
412 712 597 809 fagea
635 738 824 782 suem
866 710 1147 782 hilarem
1186 712 1380 800 facit,
1425 736 1696 784 caruem
1734 714 2166 810 coquibilem‚
2219 744 2298 806 ac
2337 734 2372 784 6

79 822 81 841 '
176 820 367 889 levem
397 835 463 889 et
494 818 721 889 utilem
770 820 1163 889 stomacho:
1203 818 1467 916 iligna⁶

1412 808 1467 853 ⁴⁹
1470 872 1488 905 ,
1526 846 1711 891 suem
1745 811 2173 917 angustam⁴¹,
2201 826 2298 895 ni·-

2038 917 2090 961 43

180 926 361 995 tidam
379 927 819 1021 ,strigosam‚
867 926 1352 1021 ponderosam·
1388 952 1678 1022 querna,
1707 927 2090 1001 diffusam²
2115 956 2305 1025 :gra-

176 1034 417 1102 vissima
456 1045 526 1102 et
560 1033 705 1127 ipsa
742 1031 1118 1127 glandium,
1162 1047 1361 1171 atque
1400 1020 1870 1105 dulcissimaff
1921 1038 2301 1107 Proximam

174 1140 317 1209 huic
366 1162 659 1209 cerream
712 1138 913 1208 tradit
954 1126 1321 1235 Nigidius⁴⁴

1358 1165 1541 1211 ‚nec
1573 1166 1652 1211 ex
1689 1140 1817 1211 alia
1854 1140 2230 1213 solidiorem
2249 1132 2301 1177 ‘¹⁵

176 1252 461 1331 carn'em,
492 1245 608 1315 sed
643 1244 903 1315 duram.
943 1243 1159 1341 lligna
1194 1248 1433 1316 tentari
1460 1272 1643 1335 sueS,
1679 1250 1802 1317 nisi
1839 1248 2158 1341 paulatim
2187 1248 2300 1320 de·

176 1366 288 1421 tur.
333 1356 521 1421 Hanc
564 1353 991 1422 novissimam
1038 1340 1362 1423 cadere-⁴⁶.
1408 1356 1786 1451 Fungosam
1836 1380 2106 1425 carnem
2157 1356 2304 1427 fieri

178 1446 468 1544 escul07,
512 1459 755 1529 robore
774 1510 793 1542 ‚
825 1459 1095 1528 subere.-

266 1568 385 1634 lX.
435 1566 607 1655 Quae
648 1563 959 1659 glandem
1002 1566 1271 1654 ferunt,
1328 1592 1564 1637 omnes
1613 1582 1684 1637 et
1729 1566 2016 1663 gallam¹
2021 1623 2042 1657 ,
2092 1568 2297 1641 alter·
2340 1594 2362 1629 1

248 1710 330 1768 4ο.
357 1705 543 1775 IBgna.
574 1704 864 1772 Horatius,
919 1731 942 1753 ι
982 1704 1191 1757 Umber

178 1798 223 1838 et
248 1785 409 1857 iligna
444 1782 677 1837 nutritus
702 1782 896 1855 glande
932 1783 1191 1837 rotundas

176 1866 357 1918 curvet
384 1881 515 1934 aper
542 1862 715 1917 lances
746 1882 957 1917 earnem
978 1864 1191 1917 vitantis

180 1944 412 1999 inertem.
444 1968 467 1991 ι-
502 1944 706 1996 Daue.

248 2032 311 2089 41
323 2065 336 2078 .
359 2022 505 2076 Suem
518 2034 791 2093 angustam.
813 2022 1185 2077 Macilentam:

178 2116 221 2157 et
244 2116 305 2157 ut
324 2100 607 2164 subditur,
650 2102 945 2173 strigosam.
984 2100 1191 2155 Laudat

178 2196 337 2237 tamen
369 2209 396 2231 ι
430 2200 619 2254 aprum
649 2182 814 2253 iligna
855 2180 1045 2253 glande
1086 2202 1191 2236 nu·

180 2264 349 2317 tritum
372 2288 395 2311 n
436 2264 624 2315 Horat.
656 2262 761 2315 Sat.
782 2262 881 2316 lib.
908 2262 994 2327 11,
1020 2282 1072 2316 v.
1098 2269 1189 2327 4ο.

181 2342 347 2396 Hau).

250 2432 337 2489 ⁴²·
364 2426 595 2494 Ques-na,
622 2422 875 2492 diffusam.
894 2422 1152 2495 Pinguem
1170 2461 1183 2484 ,

179 2522 232 2557 ac
250 2504 417 2577 probe
437 2504 745 2575 saginatam.
769 2500 949 2554 Ham).

142 2639 151 2647 ,
252 2587 340 2651 43.
366 2584 536 2655 Atque
559 2584 834 2635 dulcissima
851 2622 866 2648 ,
892 2594 994 2635 etc.
1021 2582 1109 2635 sic
1128 2600 1193 2635 ex

180 2662 319 2718 MSS.
352 2682 455 2716 em.
500 2660 665 2716 Hard.
712 2675 761 2714 et
803 2667 1013 2734 ipsorum
1047 2664 1197 2731 glan-

180 2744 297 2797 dim
340 2764 451 2814 qum
481 2756 531 2795 et
556 2742 832 2795 dulcissima
860 2742 979 2795 Dal.
1029 2760 1193 2812 nempe

172 2824 279 2895 sagi
309 2824 609 2879 Groeeorum.
644 2820 899 2889 Diffitsam
930 2834 979 2873 et
999 2826 1191 2891 gravis·

180 2908 335 2957 sinam
350 2942 369 2968 ,
406 2916 457 2955 et
498 2908 601 2974 ipsa
628 2903 883 2972 glandium
910 2920 1043 2973 oeque
1080 2896 1193 2955 blut-

180 2988 357 3037 cesima
406 2982 503 3037 Gr.
539 2994 593 3036 et
641 2982 728 3034 Al.
759 2983 865 3037 En.
912 3012 993 3025 -—·
1030 2984 1195 3053 Atque

182 3065 459 3117 dulcissima.
501 3063 743 3128 Querna,
798 3062 1005 3133 iuquit,
1047 3063 1195 3133 glan-

180 3142 319 3198 dium
351 3142 655 3195 dulcissima
679 3152 757 3194 est
786 3158 801 3195 τ
833 3140 979 3213 quod
1010 3138 1079 3194 de
1102 3160 1195 3194 sua

182 3232 307 3295 φηγῷ
322 3220 774 3290 traditTheophr.
803 3220 942 3274 Hist.
966 3220 1055 3273 lib.
1080 3222 1196 3286 ΙΙΙ,

184 3324 223 3357 e.
242 3324 272 3372 9
295 3322 309 3356 ε
336 3304 627 3375 γλυκύτατα.
646 3296 709 3354 δὲ
731 3300 797 3353 τὰ
815 3304 906 3363 τῆς
932 3306 1102 3373 φηγοῦ.
1126 3302 1195 3354 Η.

258 3391 348 3448 44.
387 3382 566 3435 Tradit
598 3382 848 3451 Nigidius.
882 3381 1083 3434 Contra
1106 3384 1197 3453 ju·

184 3460 371 3516 dicium
398 3461 773 3532 Theophrasti.
802 3462 938 3514 Du..

260 3540 814 3633 45.Solidt‘orem.1ta
864 3538 1014 3594 MSS.
1066 3542 1196 3612 Reg.

186 3620 465 3676 Colb.'1'h.
502 3600 689 3673 Ch’iffl.
734 3632 837 3673 ete.
874 3638 1015 3687 nou,
1064 3632 1125 3673 ut
1145 3621 1201 3673 in

186 3700 332 3755 editis
370 3702 629 3754 haetenus
678 3700 913 3771 legitur,
968 3700 1205 3753 sordidio-

186 3800 291 3833 rem.
318 3778 505 3833 liano.

262 3864 351 3926 46.
365 3863 511 3913 Hane
532 3861 830 3911 novissmam
849 3859 1037 3914 cadet-e.
1053 3860 1200 3925 Quo·

188 3938 319 3993 niam
350 3958 469 3994 sero
492 3938 825 4005 maturescit,
852 3958 1097 4011 novaque
1114 3958 1201 3993 ve-

189 4030 341 4072 terem
372 4032 617 4092 oecupat.
662 4020 1017 4090 Theophrast.
1063 4019 1198 4072 nist.

187 4097 221 4149 Ι.
246 4098 354 4164 m,
380 4118 499 4172 cap.
540 4099 627 4153 15.
660 4100 865 4153 Diuo.

1359 1712 1453 1775 47.
1486 1706 1689 1759 Esculo.
1732 1707 1942 1763 Glande
1982 1708 2182 1777 esculi,
2215 1730 2306 1763 ro-

1274 1784 1452 1851 boris,
1473 1798 1578 1840 etc.
1599 1787 1787 1841 Hun.

1356 1866 1455 1919 lx.
1490 1884 1539 1919 1.
1573 1866 1701 1933 Quoe
1723 1866 2132 1935 glandemfereme
2147 1888 2306 1923 omnes

1274 1956 1325 1993 et
1335 1946 1544 2015 gallam.
1561 1942 1796 1997 Videtur
1823 1946 1927 2000 hoc
1951 1947 2140 2001 falsum
2165 1967 2302 2003 esse:

1272 2040 1401 2076 nam
1431 2024 1536 2078 ilex
1566 2023 1814 2095 glandem
1845 2027 1948 2079 fert
1983 2040 2110 2082 teste
2130 2029 2306 2083 Plinio

1274 2102 1381 2157 hoc
1407 2104 1527 2177 ipso
1555 2104 1694 2157 libro
1725 2118 1780 2159 et
1813 2108 2016 2179 capite,
2048 2120 2100 2161 et
2121 2109 2304 2163 Theo-

1276 2182 1498 2254 phrasto
1520 2184 1663 2236 lihro
1692 2185 1854 2237 tertio
1878 2184 1946 2239 de
1969 2187 2102 2241 Hist.
2131 2187 2304 2246 Plant.

1278 2280 1396 2333 cap.
1431 2268 1500 2317 16
1519 2302 1534 2329 ,
1556 2276 1608 2317 et
1633 2276 1807 2319 tamen
1823 2266 2013 2336 gallam
2041 2286 2151 2321 non
2179 2266 2307 2334 fert,

1276 2354 1339 2395 ut
1366 2342 1558 2397 eodem
1601 2344 1722 2397 loeo
1753 2346 1919 2399 refert
1952 2346 2304 2419 Theophrast.

1276 2422 1511 2476 Videtur
1559 2437 1734 2477 autem
1781 2424 2034 2497 deceptus
2069 2428 2306 2495 Plinius,

1276 2500 1404 2555 dum
1434 2502 1864 2575 Theophrastum
1907 2506 2149 2577 sequitur
2172 2510 2308 2564 male

1276 2582 1626 2637 intellectum.
1651 2584 1784 2636 Nam
1815 2584 1962 2661 quod
1989 2586 2309 2659 Theophra·

1278 2676 1395 2716 stus
1427 2661 1620 2715 eodem
1647 2662 1943 2737 libro,cap.
1965 2686 2024 2733 9,
2053 2666 2217 2720 tradit
2239 2668 2308 2723 de

1275 2741 1560 2813 generibus
1589 2744 1800 2797 roboris
1824 2782 1841 2809 ‚
1891 2746 2030 2799 ferre
2061 2746 2308 2803 videlicet

1276 2822 1459 2875 omnia
1488 2840 1680 2894 genera
1708 2822 1958 2895 glandem
1987 2838 2040 2879 et
2066 2826 2259 2898 gallam
2286 2870 2304 2897 ,

1276 2900 1335 2955 id
1386 2902 1594 2955 Plinius
1637 2902 1706 2957 ad
1755 2922 1942 2959 omues
1989 2904 2308 2977 glandiferas

1278 2982 1500 3035 arbores
1539 2984 1826 3037 transtulit.
1868 2984 2164 3041 Anuotavit
2202 2990 2312 3043 hoe

1278 3075 1402 3115 ante
1418 3080 1504 3115 me
1520 3062 1782 3117 Genesius
1800 3062 2098 3135 Sepulveda
2118 3066 2310 3123 doctor

1279 3142 1561 3212 theologus
1587 3183 1604 3210 ‚
1635 3160 1696 3196 ac
1723 3144 1974 3197 Caesareae
2029 3148 2311 3218 majestatis

1277 3220 1772 3294 historiographus,
1795 3224 1880 3275 vir
1908 3224 2199 3280 multarum
2224 3228 2308 3282 di·

1281 3301 1626 3372 sciplinarum
1658 3303 1876 3355 scientia
1900 3305 2096 3371 clarus,
2118 3324 2309 3377 graeca·

1284 3399 1389 3452 que
1407 3398 1469 3434 ac
1497 3380 1658 3433 latina
1685 3382 1932 3435 facundia
1959 3384 2308 3440 eminentissi-

1282 3480 1419 3514 mus.
1466 3460 1626 3513 Pmu
1658 3493 1735 3503 —
1782 3462 1908 3532 Quoe
1944 3463 2189 3532 glandem.
2218 3468 2306 3521 Sic

1284 3540 1642 3613 Theophrast.
1671 3540 1773 3594 loc.
1799 3540 1940 3595 citat.
1977 3541 2206 3608 Κηκίδας
2245 3543 2306 3601 δὲ

1284 3621 1457 3673 πάντα.
1507 3622 1632 3692 pipat
1661 3621 1730 3673 τὰ
1755 3620 1890 3691 γένη.
1915 3622 2123 3677 'Verum
2151 3644 2218 3679 ex
2244 3646 2309 3681 eo

1284 3710 1514 3754 numero
1527 3699 1805 3753 eximenda
1822 3697 1923 3755 ilex
1939 3741 1954 3767 ,
1969 3702 2171 3776 quippe
2193 3726 2312 3779 quo

1287 3798 1386 3835 nec
1428 3779 1674 3853 glandem
1705 3781 1925 3853 proprie
1956 3785 2268 3855 appellatam
2294 3824 2310 3849 ‚

1286 3860 1379 3914 sed
1408 3860 1610 3924 ἄκυλον,
1658 3878 1814 3933 quam
1839 3873 1985 3916 recte
2016 3864 2315 3935 Homerus,

1290 3952 1351 3995 ut
1381 3938 1582 3995 dictum
1617 3952 1696 3993 est
1724 3958 1904 4013 super.
1936 3960 2050 4013 cap.
2070 3962 2100 3998 a
2122 3944 2316 4017 glande

1292 4018 1554 4087 distinxit,
1570 4038 1671 4073 nec
1693 4018 1924 4093 proinde
1945 4022 2136 4095 gallam
2164 4025 2316 4080 ferat.

1295 4100 1399 4153 nic
1442 4100 1680 4154 Plinium
1711 4100 1983 4155 immerito
2027 4118 2318 4175 coarguunt
