2984 5009
905 508 1226 577 LIBER
1275 512 1491 579 XIV.

2108 506 2247 579 331

163 626 404 727 aliud¹⁵,
435 621 689 735 inquit,
725 642 954 711 vinum
990 641 1169 725 bibi,
1210 664 1410 737 quam
1446 643 1769 775 remiffes:
1814 671 1851 707 υ
1892 643 1961 711 in
2000 654 2264 713 tantum

164 747 464 819 dissimilis
501 748 676 837 istis,
717 748 830 843 qui
879 748 1077 819 etiam
1122 751 1422 822 convivis
1457 748 1617 819 alia'
1660 802 1683 839 ,
1726 772 1925 844 quam
1974 749 2265 819 sibimet-

163 856 329 949 ipsis,
361 855 763 943 ministrant‚
803 869 919 924 aut
951 855 1353 950 procedente
1373 856 1420 897 ¹⁷
1455 880 1687 927 mensa
1720 856 2095 950 subjiciunt.

245 964 395 1030 XV.
453 962 851 1031 Lautissima
912 962 1089 1057 apud
1143 964 1398 1058 priscos
1461 965 1621 1033 vina
1676 977 1915 1047 erant3
1983 962 2271 1056 myrrhae
2310 990 2335 1025 1

167 1065 350 1137 odore
405 1066 752 1153 condita¹,
792 1082 869 1137 ut
917 1085 1194 1164 apparet
1233 1071 1302 1139 in
1337 1069 1555 1141 Plauti
1596 1067 1853 1159 fabula,
1894 1090 2045 1164 quae
2076 1070 2281 1137 Persa

239 1258 320 1313 15.
347 1259 466 1313 Non
487 1258 646 1313 aliud.
679 1256 996 1321 Frontinus,
1025 1258 1170 1313 Stra·
1257 1261 1454 1332 quibus
1475 1260 1755 1333 aliquanto
1778 1258 1973 1314 rectius
1995 1270 2090 1313 tua
2110 1258 2285 1331 conti·

171 1352 259 1411 teg.
280 1340 372 1393 lib.
403 1338 508 1405 lv,
527 1357 647 1410 cap.
675 1338 706 1393 3
737 1358 750 1391 =
777 1339 888 1392 «M.
913 1339 1172 1393 Catonem
1263 1342 1472 1408 nentia,
1526 1359 1687 1414 quam
1740 1339 1912 1393 aliem
1966 1336 2288 1391 contumelia

172 1421 280 1473 vino
303 1417 496 1473 eodem
519 1436 630 1490 quo
656 1418 912 1491 remiges,
956 1430 1175 1472 conten·
1263 1422 1524 1475 consulas.
1555 1446 1579 1470 ι
1620 1420 1835 1490 Spectat
1860 1419 1969 1471 buc
1999 1430 2051 1472 et
2084 1418 2292 1488 elegans

173 1512 268 1553 tum
280 1516 386 1553 esse
401 1498 654 1552 treditur.
676 1524 699 1545 ι
719 1498 905 1553 Festus
917 1499 973 1552 in
989 1500 1178 1572 fragm.
1265 1501 1525 1555 Martialis
1538 1502 1631 1555 lib.
1646 1501 1751 1559 111,
1770 1500 1939 1571 epigr.
1951 1516 2052 1553 nx:
2074 1520 2096 1541 ι
2109 1498 2293 1563 Quum

176 1596 274 1651 pag.
305 1582 416 1634 182
453 1602 477 1626 ι
504 1579 640 1633 Cato
666 1578 723 1630 in
755 1598 815 1632 ea
855 1596 1012 1651 quam
1051 1580 1180 1633 seri·
1270 1600 1431 1653 vocer
1454 1579 1521 1634 ad
1544 1599 1776 1645 emnam,
1802 1598 1913 1631 non
1931 1581 2041 1651 jam
2062 1577 2297 1643 venalis,

177 1660 294 1731 psit,
328 1676 500 1731 quum
531 1658 586 1711 in
617 1658 926 1731 Hispaniam
964 1658 1182 1731 profici·
1273 1674 1334 1715 ut
1375 1675 1499 1715 ante
1524 1681 1549 1715 a
1584 1660 1697 1714 Cur
1743 1658 1875 1712 mihi
1925 1677 2036 1712 non
2074 1656 2261 1711 eadem
2283 1694 2300 1721 ,

63 1785 66 1796 .
178 1739 506 1804 noeoetur‚ait
532 1757 546 1790 ε
577 1739 812 1801 Navitte,
839 1738 984 1811 quod
1007 1758 1186 1793 secum

179 1830 496 1891 portaverant
538 1820 722 1873 vinum
761 1832 920 1893 atque
968 1820 1148 1873 oleum
1169 1852 1186 1879 ‚

182 1911 516 1953 meantum
537 1916 602 1952 eo
629 1918 766 1953 sum.
801 1926 825 1948 ι
863 1900 1045 1953 Hmn.

63 1979 66 2010 ί

253 1982 336 2033 16.
367 1980 480 2050 Qui
495 1982 642 2031 etiam
666 1982 870 2033 convivis
896 1980 1016 2033 alia.
1042 1978 1193 2033 Nihil

63 2033 66 2064 P
183 2057 402 2113 fetivim
427 2059 488 2113 in
519 2077 635 2113 eam
663 2079 778 2113 rem
805 2060 938 2123 dici,
969 2071 1061 2113 aut
1087 2059 1196 2113 cle·

186 2140 376 2211 gnatius
399 2150 808 2212 potest,·quam
833 2140 981 2213 quod
1002 2136 1070 2193 de
1095 2140 1196 2191 ho·

187 2220 326 2272 minis
361 2218 571 2273 sordidi
599 2220 759 2273 simul
785 2233 839 2275 et
868 2217 1199 2290 sumptuosi,

189 2298 316 2369 quod
339 2296 544 2352 deinde
573 2298 642 2353 de
679 2320 776 2353 suo
817 2317 966 2355 more
999 2300 1202 2353 Plinius

191 2379 304 2432 alter
351 2376 603 2450 prodidit
621 2416 638 2441 ,
685 2380 784 2432 lib.
834 2380 894 2432 11
922 2419 938 2444 ,
989 2398 1079 2451 ep.
1116 2398 1145 2431 2
1186 2394 1201 2431 :

197 2480 216 2499 ·
237 2458 388 2512 Aliud
421 2459 526 2512 sibi
569 2459 782 2526 vinum,
825 2476 878 2514 et
907 2460 1092 2526 nobis,
1119 2458 1205 2512 in·

196 2538 322 2609 quit.
354 2537 511 2593 aliud
531 2539 830 2594 minoribus
854 2540 1034 2594 amicis
1054 2536 1208 2603 (nam

198 2616 440 2689 gradatim
460 2618 660 2673 amicos
675 2612 872 2689 habet)
888 2658 905 2684 ,
931 2618 1080 2673 aliud
1106 2618 1212 2671 suis

199 2700 492 2771 nostrisque
555 2698 774 2753 libertis.
825 2698 1214 2753 Animadvertit

201 2780 282 2849 qui
299 2780 432 2832 mibi
469 2780 747 2851 proximus
773 2782 1142 2843 recumbebat,
1162 2790 1216 2832 et

203 2874 259 2909 an
281 2860 570 2929 probarem
589 2860 934 2932 interrogavit
960 2881 972 2912 :
1007 2859 1216 2930 negavi.

203 2938 277 2990 Tu
293 2956 417 3009 ergo
432 2978 448 3003 ,
471 2938 652 3010 inquit
670 2978 686 3004 ,
704 2958 860 3011 quam
887 2937 1220 2993 consuetudi·

203 3034 316 3071 nem
339 3018 620 3091 sequeris?
637 3018 838 3073 Eadem
861 3020 1110 3073 omnibus
1126 3038 1221 3091 po·

205 3096 376 3151 noted
394 3116 602 3153 coenam
629 3099 770 3151 enim
785 3140 801 3165 ,
826 3118 936 3154 non
957 3098 1022 3154 ad
1040 3112 1220 3153 notam

207 3176 362 3231 invito
393 3198 410 3235 ε
442 3179 757 3251 cunctisque
781 3181 942 3232 rebus
965 3198 1186 3251 exaequo
1207 3217 1224 3245 ,

209 3274 327 3327 quos
343 3276 526 3313 mense
544 3271 598 3312 et
609 3256 730 3312 tofo
744 3260 965 3331 aquavi.
982 3260 1224 3313 Etiamne

209 3336 450 3393 libertos?
472 3338 632 3393 etiam
665 3356 680 3393 :
708 3340 1038 3393 convictores
1065 3340 1226 3392 etiam

213 3426 360 3482 tuuc,
383 3438 502 3472 non
532 3418 756 3472 libertos
797 3432 946 3491 pute.
984 3418 1054 3473 Et
1098 3417 1189 3471 ille
1213 3456 1230 3484 ,

215 3495 400 3569 Hagno
427 3499 532 3552 tibi
562 3510 770 3553 constat
796 3517 810 3553 :
851 3498 1091 3553 Minime.
1123 3498 1233 3565 Qui

216 3574 540 3649 fieripotest?
556 3578 700 3643 Quia
720 3578 918 3633 scilicet
937 3579 1115 3632 liberti
1129 3578 1235 3631 mei

217 3672 316 3708 uon
352 3656 496 3719 idem
533 3655 687 3730 quod
735 3676 832 3731 ego
869 3658 1094 3724 bibunt,
1142 3655 1236 3733 sed

219 3734 352 3789 idem
375 3754 477 3808 ego
503 3736 654 3809 quod
667 3736 865 3793 liberti.
892 3740 962 3791 Et
989 3738 1236 3803 hercule,

223 3816 262 3868 ni
293 3817 430 3886 gula
465 3829 757 3888 temperes,
790 3838 902 3873 non
935 3831 1012 3871 est
1046 3836 1239 3870 onero-

226 3912 332 3949 sum
353 3936 370 3962 ,
407 3914 517 3967 quo
552 3897 718 3950 utaris
749 3896 861 3970 ipse
882 3939 897 3965 ,
943 3896 1242 3951 communi·

228 3990 338 4027 eure
367 3994 492 4029 cum
513 3974 774 4046 pluribus.
799 3978 897 4031 ma
925 3995 1054 4049 ergo
1073 3976 1243 4048 repri-

229 4053 414 4108 menda
433 4095 450 4119 ,
485 4055 573 4108 ina
597 4058 744 4128 quasi
765 4058 818 4111 in
836 4056 1082 4111 ordinem
1100 4054 1245 4109 redi·

233 4133 394 4203 gemla
435 4146 514 4187 est
531 4174 546 4203 ,
595 4136 636 4189 si
681 4138 977 4209 sumptibus
1027 4154 1208 4207 parcas
1229 4177 1246 4204 ,

1279 1762 1398 1814 quat
1416 1741 1514 1794 tibi
1532 1782 1547 1806 ‚
1580 1760 1729 1795 coena
1759 1738 2077 1793 datur?ete.
2113 1764 2135 1787 ιι
2170 1738 2238 1789 H.

1367 1841 1458 1893 17.
1485 1822 1596 1875 Aut
1608 1820 1910 1892 procedente.
1944 1820 2048 1871 Aut
2071 1818 2116 1871 si
2142 1814 2305 1869 semel

1281 1901 1520 1957 convivis
1554 1900 1737 1955 eadem
1761 1918 1824 1953 ac
1849 1896 2189 1969 sibimetipsis
2204 1894 2310 1948 mi·

1281 1982 1573 2035 nisti-avere
1597 1980 1750 2045 vina,
1776 1976 2097 2052 procedente
2131 1992 2313 2029 mensa

1283 2060 1386 2115 alia
1433 2060 1625 2114 iisdem
1644 2098 1661 2126 ,
1714 2078 1774 2113 ac
1822 2058 2089 2113 deteriora
2145 2054 2313 2125 subji-

1288 2142 1457 2196 ciunt.
1498 2138 1680 2191 Ilum.
2074 2164 2083 2173 ·

1369 2222 1497 2274 XV.
1559 2238 1607 2273 1.
1652 2220 1875 2290 Myrrha?
1911 2216 2057 2269 odore
2098 2214 2313 2269 condita.

1291 2302 1529 2373 Myrrha
1556 2298 1778 2353 odorem
1809 2298 1898 2351 hic
1926 2298 1981 2351 τὸ
2016 2296 2195 2367 ἄρωμσ.
2222 2312 2317 2347 vo·

1293 2395 1376 2436 cat
1405 2380 1619 2435 Colum.
1659 2380 1753 2432 lib.
1786 2379 1930 2443 ΧΠ,
1961 2395 2095 2453 cap.⁸
2117 2393 2205 2445 ¹9·
2233 2369 2321 2425 Ad

1294 2460 1604 2535 predictum
1623 2472 1797 2513 autem
1814 2456 2033 2511 modum
2058 2455 2221 2508 musti
2237 2450 2326 2506 ad·

1293 2542 1387 2615 jiei
1443 2540 1639 2595 debent
1680 2540 1741 2593 hi
1776 2538 1970 2592 odores
1993 2574 2010 2601 ,
2054 2534 2209 2589 nardi
2244 2534 2325 2585 fo-

1297 2622 1430 2676 lium
1449 2659 1466 2685 ,
1490 2620 1581 2673 iris
1606 2620 1821 2693 Illyrica
1838 2657 1855 2683 ,
1900 2615 2128 2671 nardum
2157 2612 2328 2669 Galli-

1302 2722 1446 2757 cum.
1483 2699 1647 2754 Brod.
1676 2702 1769 2753 lib.
1803 2700 1903 2764 IV,
1942 2715 2057 2768 cap.
2102 2716 2187 2751 ao.
2229 2692 2331 2745 vi·

1302 2802 1432 2836 num
1461 2774 1538 2834 sic
1562 2779 1839 2834 conditum
1876 2776 2141 2849 ἀνθοσμίαν
2170 2769 2291 2828 οἶνον
2315 2810 2334 2839 ,

1305 2876 1359 2917 et
1395 2862 1585 2918 ἀνθίνην
1628 2860 1805 2913 Groeci
1843 2858 2136 2919 vocabant,
2181 2867 2240 2908 ut
2280 2865 2334 2923 et

1305 2942 1482 2995 Latini
1502 2953 1702 2994 veteres
1718 2940 1829 2993 vini
1848 2938 2035 2992 florem
2053 2976 2070 3004 ,
2092 2934 2297 2989 Ennius
2318 2950 2333 2985 :

1307 3044 1337 3072 ι
1379 3022 1505 3075 Haec
1558 3040 1689 3075 anus
1744 3016 2035 3073 admodum
2090 3014 2298 3087 Friguit
2322 3050 2339 3078 ,

1308 3101 1566 3155 nimirum
1592 3100 1847 3155 sauciavit
1859 3118 1915 3153 se
1938 3098 2069 3151 flore
2086 3092 2287 3149 Liberi.
2309 3116 2333 3141 ι

1311 3184 1517 3236 Dante.
1539 3210 1621 3223 —-
1648 3180 1711 3233 Μ
1697 3180 1864 3255 stt-lue
1894 3178 2055 3231 odore.
2099 3175 2187 3244 Sic
2217 3170 2347 3231 libri

1313 3280 1501 3315 omnes
1550 3259 1921 3323 vetustissimi,
1977 3258 2155 3309 Parm.
2202 3254 2343 3306 Ven.

1317 3330 1580 3393 Brixiens.
1602 3341 1888 3411 cancrique
1916 3335 2061 3391 editi.
2096 3335 2185 3388 Sio
2210 3334 2343 3403 Reg.

1324 3440 1352 3475 a
1387 3459 1404 3486 ,
1443 3417 1579 3475 cod.
1623 3432 1677 3473 et
1717 3420 1836 3473 Par.
1878 3416 1964 3471 Sic
2003 3416 2207 3468 Plinius
2230 3412 2349 3482 ipse

1319 3498 1587 3570 scripsisse
1645 3518 1699 3552 se
1750 3496 2076 3569 apertissime
2121 3490 2308 3564 prodit
2330 3528 2349 3557 ,

1324 3592 1439 3633 tum
1470 3580 1580 3632 hoc
1604 3578 1761 3644 loce,
1804 3594 1969 3649 quum
1994 3576 2097 3638 ait,
2128 3583 2182 3624 et
2212 3570 2379 3622 calm·

1325 3678 1450 3713 mum
1470 3660 1524 3713 in
1549 3678 1609 3712 ea
1630 3658 1753 3711 vina
1776 3656 1967 3728 adjici:
1998 3651 2142 3708 unde
2157 3649 2355 3705 intelli-

1327 3742 1472 3813 gitur
1508 3738 1769 3811 peculiare
1788 3742 1895 3810 Jam
1923 3737 1991 3789 ab
2019 3750 2084 3788 eo
2105 3730 2357 3787 aromatis

1329 3838 1493 3895 genus
1512 3820 1669 3873 fuisse
1687 3817 2019 3891 designatum
2034 3852 2049 3875 ,
2080 3812 2357 3885 myrrham

1330 3898 1579 3953 videlicet
1603 3916 1618 3951 :
1661 3912 1773 3951 tum
1797 3916 1927 3950 vero
1952 3894 2179 3949 maxime
2197 3934 2213 3959 ,
2243 3909 2359 3963 cap.

1340 3998 1408 4052 ¹9
1427 4018 1443 4045 ,
1468 3979 1567 4032 ubi
1593 3978 1781 4032 vinum
1812 3976 2125 4031 aromatiten
2156 3970 2359 4025 descri-

1334 4062 1467 4113 bens
1504 4078 1517 4110 ε
1561 4080 1583 4103 ⁸
1615 4058 1943 4113 Aromatiten
1970 4097 1987 4122 ,
2032 4053 2235 4127 inquit,
2276 4051 2362 4103 in·

1336 4139 1495 4193 venio
1521 4139 1817 4192 factitatum
1835 4178 1852 4205 ,
1894 4148 2099 4191 tantum
2126 4151 2237 4185 non
2262 4148 2386 4183 un·-
