2984 5009
995 489 1318 558 LIBER
1372 489 1579 556 XVI.

2204 487 2345 560 521

205 619 431 713 picea,
483 617 764 689 feritatis
809 618 1084 715 paulum
1135 621 1452 715 mitigatae
1506 633 1654 688 satu
1690 643 1707 687 :
1750 621 2023 714 sapinus
2041 605 2093 644 ³⁸
2134 635 2359 692 autem

205 725 513 795 materies
547 749 868 796 caesarum
907 753 946 796 e
990 751 1234 822 genere
1276 729 1362 796 sit
1385 781 1404 814 ,
1450 727 1648 796 sicuti
1684 725 2093 797 docebimus.

309 833 570 902 XXIV.
639 822 894 928 (xm.)
941 835 1244 905 Materioe
1301 835 1479 904 enim
1524 855 1723 902 causa
1764 833 2051 930 reliquas
2086 833 2360 906 arbores

205 953 446 1008 natura
537 942 770 1034 genuit
802 995 823 1028 ‚
879 943 1537 1038 copiosissimamque
1623 939 1975 1010 fraxinum.
2072 943 2362 1012 Procera

205 1045 348 1115 haec
391 1069 474 1116 ac
512 1060 688 1116 teres
718 1072 734 1115 :
770 1049 1046 1142 pinnata
1081 1063 1150 1118 et
1183 1049 1326 1144 ipsa
1361 1045 1601 1117 folio¹=
1634 1047 2055 1143 multumque
2082 1051 2361 1119 Homeri

207 1154 582 1249 praeconio,
625 1168 694 1223 et
734 1153 1010 1226 Achillis
1062 1152 1292 1226 hasta²
1343 1153 1711 1224 nobilitata.
1762 1155 2079 1225 Materies
2132 1171 2233 1226 est
2274 1157 2361 1226 ad

209 1245 541 1355 plurima³
589 1259 786 1332 utilis.
832 1265 934 1331 Ea
971 1262 1276 1402 quidem,
1327 1263 1476 1356 q'uae
1522 1260 1600 1330 fit
1646 1263 1715 1330 in
1756 1261 1879 1330 Ida
1922 1261 2203 1333 Troadis
2235 1317 2256 1351 ‚
2290 1265 2359 1332 in

207 1381 472 1437 tantum
503 1366 706 1438 cedro
742 1367 972 1439 similis

292 1505 388 1559 38.
417 1503 633 1576 Supinas
659 1517 840 1560 autem.
869 1507 1128 1580 Sapinus,
1157 1507 1242 1560 in·

207 1585 352 1656 quit,
377 1603 494 1640 uon
525 1585 734 1639 arboris
758 1605 958 1640 nomen
1002 1599 1082 1642 est
1101 1625 1118 1654 ,
1147 1585 1244 1641 sed

207 1665 453 1718 materiei
466 1704 483 1732 ,
495 1685 526 1720 e
545 1679 697 1738 parte
713 1667 973 1721 nimirum
987 1667 1244 1722 inferiore

212 1763 354 1798 casm
379 1747 494 1814 jam
520 1745 744 1812 abietis,
781 1761 834 1800 et
864 1745 1201 1802 decorticata
1226 1765 1241 1798 ε

211 1825 366 1879 sicuti
391 1823 735 1891 docebimus,
755 1845 802 1880 c.
825 1831 899 1899 76
921 1827 1048 1882 libri
1061 1828 1242 1904 hujus.

213 1905 392 1972 Quem
416 1905 625 1960 Plinius
653 1925 799 1964 nuuc
825 1907 1000 1978 signat
1027 1909 1208 1964 locum
1229 1947 1247 1974 ,

211 1986 256 2039 is
279 1985 541 2040 nimirum
569 1999 648 2040 est
665 2005 696 2039 e
721 2005 769 2041 c.
801 1992 874 2060 76
897 1988 1026 2041 libri
1052 1989 1210 2062 hujus
1227 2007 1246 2044 x

220 2091 243 2114 a
259 2065 504 2131 Abietis,
529 2066 704 2142 inquit
720 2107 736 2134 ‚
757 2086 877 2140 quae
899 2087 1023 2140 pars
1050 2086 1079 2122 a
1107 2081 1248 2122 terra

213 2147 348 2210 fuit,
389 2145 585 2200 enodis
609 2159 688 2200 est
712 2165 726 2200 :
760 2149 876 2202 hec
903 2147 1122 2203 fluviata
1150 2147 1248 2202 de·

213 2227 532 2292 corticatur,
561 2237 723 2298 atque
747 2229 820 2281 ita
844 2229 1062 2304 sapinus
1087 2247 1247 2284 voca·

213 2319 320 2360 tur.
345 2333 369 2355 n
419 2307 549 2375 Quo
591 2325 758 2382 quum
797 2309 1092 2382 respexisse
1139 2309 1249 2363 Pli-

214 2387 368 2442 nium
391 2387 618 2440 minime
645 2388 951 2460 ambiguum
973 2390 1064 2455 sit,
1080 2389 1250 2443 miror

215 2465 272 2519 id
299 2467 500 2538 fugisse
533 2468 846 2522 Salmasium
885 2485 901 2521 τ
935 2483 1250 2542 tantumque

215 2545 414 2600 deinde
459 2545 738 2602 indulsisse
776 2567 900 2602 eum
931 2553 1250 2624 conjecturo

217 2645 325 2680 sua
340 2666 357 2693 ,
404 2641 466 2681 ut
490 2627 774 2699 legendum
823 2629 930 2682 hoc
958 2631 1080 2684 loco
1119 2649 1249 2702 pro-

215 2707 516 2776 nunciarit,
533 2735 554 2756 ι
568 2709 795 2779 Sapinus
813 2722 992 2763 autem
1007 2711 1252 2764 materies

217 2805 356 2840 caesa
383 2789 756 2859 regenereflat‚
790 2815 812 2838 ι
847 2789 903 2841 in
931 2789 1099 2844 Solin.
1129 2809 1250 2864 pag.

221 2867 332 2936 903
357 2909 376 2933 ‚
409 2887 535 2940 quae
583 2885 686 2920 nec
732 2869 900 2923 latina
931 2884 1087 2934 sunt,
1139 2883 1194 2924 et
1221 2889 1252 2923 a

217 2949 498 3019 scriptoris
517 2961 699 3002 mente
724 2949 1038 3004 abhorrent.
1063 2949 1130 3003 H.

300 3029 516 3082 XXIV.
552 3047 600 3081 ι.
633 3029 852 3081 Pinnata
878 3041 927 3081 et
972 3033 1077 3102 ipsa
1095 3023 1252 3090 folio.

219 3109 432 3162 Taxum
450 3107 678 3161 similem
699 3127 810 3163 esse
833 3113 895 3178 τῇ
913 3111 1064 3180 ἐλάτῃ
1081 3111 1256 3164 Theo-

219 3189 474 3261 phrastus
508 3188 605 3254 ait,
632 3189 767 3243 nist.
796 3189 892 3244 lib.
925 3191 1040 3256 111,
1072 3209 1123 3245 c.
1151 3209 1254 3256 ro,

221 3283 385 3341 atque
427 3266 573 3324 idem
621 3267 810 3322 eodem
869 3271 1042 3343 capite
1089 3269 1254 3324 tradit

207 3348 414 3406 'abietis
427 3347 617 3402 folium
633 3351 882 3420 πτέρυγας
907 3351 1054 3418 lviv,
1066 3351 1257 3422 pinna-

223 3435 342 3484 tu‘m
369 3447 483 3482 esse
503 3427 684 3496 :quod
711 3431 880 3483 movit
898 3430 1166 3498 Plinium,
1194 3443 1257 3484 ut

224 3508 422 3562 fraxini
463 3509 684 3572 solium,
718 3528 882 3582 quam
913 3511 1103 3565 milum
1142 3530 1255 3565 esse

223 3591 472 3662 putavit,
515 3589 802 3662 pinnatum
852 3609 962 3644 esse
999 3590 1254 3646 traderet.

223 3671 381 3742 Legit
402 3669 660 3723 nimirum
687 3670 808 3724 loeo
830 3677 920 3733 τῆς
943 3671 1080 3742 pilon
1105 3669 1254 3744 apud

223 3749 662 3822 Theophrastum
704 3754 794 3813 τῆς
829 3751 1016 3822 μελίας.
1042 3753 1252 3809 Duae.

225 3832 540 3882 -Pa'nnata
577 3843 628 3882 et
653 3835 776 3902 ipsa.
799 3831 964 3886 Sicuti
992 3829 1062 3886 de
1082 3831 1257 3886 abiete

226 3909 462 3964 diximus
478 3927 594 3981 cap.
623 3929 646 3964 1
659 3929 713 3982 9.
737 3911 996 3966 Fraxinus
1009 3953 1024 3980 ,
1041 3913 1257 3978 lest-ens.

229 3991 630 4044 H.--Fraaeinas
642 3993 872 4045 excelsior
879 3987 1060 4055 (De‘oec.
1076 3993 1258 4046 triund-

229 4089 348 4140 gen.
399 4071 542 4125 2181
566 4108 583 4136 ,
625 4071 772 4125 Pers.
805 4073 1015 4126 Jasmt'n.
1058 4073 1198 4126 Juss.
1215 4067 1258 4135 ).

205 4151 412 4206 -Multae
435 4165 778 4207 recensentur
800 4153 1091 4208 varietates.
1117 4153 1223 4208 Eo.

1026 1422 1048 1455 ,
1077 1383 1155 1440 ut
1181 1382 1479 1440 ementes
1518 1367 1707 1438 fallat
1732 1422 1753 1458 ,
1790 1355 2075 1440 cortice⁵
2114 1368 2359 1442 ablato.

1421 1525 1474 1560 a.
1501 1505 1719 1559 Achillis
1754 1507 1915 1560 hasta.
1954 1505 2117 1579 Apud
2142 1509 2362 1564 Homer.

1325 1585 1482 1642 Iliad.
1502 1591 1565 1653 Υ,
1594 1605 1648 1640 v.
1674 1605 1808 1658 ²77·
1836 1588 2025 1648 untia<
2050 1588 2183 1653 ἥῖξιν
2200 1589 2363 1661 μελίη.

1329 1665 1474 1720 Hinc
1502 1665 1647 1739 apud
1680 1665 1973 1734 Ovidium,
1999 1668 2361 1741 Metamorph.

1329 1746 1426 1800 lib.
1451 1747 1537 1812 X,
1562 1765 1617 1800 v.
1667 1747 1742 1816 93
1768 1765 1783 1800 ε
1817 1773 1840 1796 α
1860 1747 1929 1802 Et
1954 1748 2191 1802 fraxinus
2216 1750 2364 1803 utilis

1329 1826 1514 1880 hastis.
1538 1853 1560 1876 ι
1596 1825 1882 1902 Hodieque
1908 1827 2245 1899 oblongiores
2265 1829 2363 1884 ha-

1331 1919 1450 1972 sta,
1478 1907 1548 1959 les
1566 1911 1769 1982 pa‘qoees,
1800 1926 1865 1960 ex
1894 1910 2097 1982 majore
2118 1909 2360 1976 fraxino,

1331 1988 1606 2058 βουμιλὶᾳ,
1632 2000 1688 2044 et
1712 2006 1779 2040 ex
1806 2005 1978 2041 corno
2004 1987 2160 2043 fiunt.
2187 1987 2256 2042 Η.

1417 2067 1448 2120 3
1460 2107 1472 2120 .
1490 2067 1583 2122 Ad
1592 2067 2048 2138 plurinumvitruv.
2066 2069 2143 2131 Π,
2162 2089 2213 2140 9.
2232 2069 2339 2124 En.

1417 2153 1474 2212 4.
1508 2147 1669 2201 Cedm
1698 2149 1884 2200 similis.
1926 2147 2168 2204 Groro.
2214 2161 2268 2201 et
2295 2149 2362 2204 al.

1333 2231 1476 2280 citro.
1508 2227 1710 2281 En.-
1732 2227 1873 2281 Ciem
1892 2227 2081 2280 smilis.
2123 2227 2363 2284 Materia

1335 2326 1365 2360 e
1392 2327 1497 2376 qua
1523 2308 1663 2361 flunt
1710 2307 1889 2361 citreae
1921 2326 2117 2360 mensae
2158 2309 2363 2379 pretio·

1335 2387 1549 2440 sissima
1596 2399 1650 2440 et
1700 2387 2096 2459 pulcherrimas.
2126 2389 2261 2442 Du..
2281 2420 2361 2432 —

1339 2467 1501 2524 Cedro
1520 2467 1705 2520 similis.
1732 2466 1798 2520 Id
1833 2486 1963 2522 vero
2006 2468 2361 2540 Theophrast.

1335 2565 1448 2602 non
1475 2547 1544 2602 de
1574 2549 1819 2613 fraxino,
1851 2567 1943 2601 seu
1972 2549 2147 2619 μιλία,
2175 2547 2266 2602 sed
2294 2547 2364 2604 de

1336 2639 1491 2694 taxo,
1523 2646 1642 2700 quae
1664 2631 1803 2698 μὶλος
1817 2667 1834 2696 ,
1856 2629 2039 2682 refert.
2053 2661 2134 2674 —
2154 2629 2235 2681 Ea
2256 2634 2365 2703 qui·

1333 2707 1462 2762 dem.
1497 2708 1657 2761 Cedro
1682 2727 1785 2780 pro
1815 2713 1938 2760 citro
1964 2709 2362 2778 rescripsimus,

1335 2800 1454 2842 tum
1481 2789 1830 2842 vetustiorum
1857 2787 2105 2842 codicum
2131 2791 2261 2867 Reg.
2296 2807 2321 2842 1
2348 2827 2365 2856 ,

1343 2887 1370 2921 a
1391 2908 1408 2934 ,
1429 2869 1667 2923 Colbert.
1696 2869 1911 2923 Thuan.
1941 2882 2040 2923 etc.
2072 2881 2183 2922 tum
2201 2871 2367 2941 ipsius

1335 2948 1697 3022 Theophrasti
1725 2948 2006 3003 admonitu
2032 2968 2046 3002 :
2072 2951 2173 3003 etsi
2202 2965 2265 3004 ea
2294 2947 2363 3003 de

1337 3029 1578 3094 fraxino,
1618 3047 1737 3101 quus
1780 3030 1929 3104 μελίαι
1960 3029 2160 3083 Graecis
2179 3069 2196 3096 ,
2220 3047 2365 3083 nunc

1336 3121 1748 3174 commemorat,
1792 3110 2073 3164 nominum
2120 3109 2365 3164 similitu·

1337 3187 1464 3242 dine
1508 3191 1648 3242 forte
1694 3187 1913 3242 delusus
1943 3229 1959 3255 ,
2000 3209 2119 3262 quai
2160 3189 2251 3244 ille
2295 3189 2364 3243 de

1339 3282 1489 3335 taxo,
1536 3287 1628 3322 seu
1682 3271 1829 3340 μίλῳ.
1885 3270 2026 3322 Sunt
2067 3269 2208 3322 enim
2250 3270 2367 3324 hoec

1340 3351 1499 3420 graeci
1527 3349 1800 3420 scriptoris
1828 3349 2018 3414 verba,
2041 3347 2239 3402 Hister.
2268 3349 2365 3403 lib.

1341 3430 1425 3481 111
1442 3447 1591 3501 ,cap.
1621 3420 1771 3484 rozfi
1793 3423 1852 3482 st
1872 3429 2007 3500 μίλος
2036 3430 2091 3481 ἐκ
2114 3433 2206 3491 τῆς
2226 3419 2368 3494 stuc,

1340 3509 1505 3573 ξανθὸν
1530 3505 1725 3581 σφόδρα
1752 3505 1915 3572 (ξὺλον
1938 3500 2071 3577 (χει)
2091 3510 2174 3564 καὶ
2204 3509 2365 3580 ὅμοιον

1341 3589 1405 3660 τῇ
1445 3585 1605 3660 κέδρῳ
1645 3611 1659 3626 ·
1693 3584 1771 3642 διὸ
1804 3589 1889 3642 καὶ
1930 3590 2043 3650 τοὺς
2080 3589 2367 3651 catenant-aig

1341 3689 1486 3742 φασιν
1512 3669 1853 3742 {Eunai-{nbc
1876 3665 2047 3741 κίὸρον
2065 3675 2367 3744 uoluunt-rae·

1342 3753 1444 3802 πᾶν
1471 3747 1573 3821 γὰρ
1593 3745 1716 3803 alvea
1740 3745 1949 3820 καρδίαν
1966 3789 1983 3818 ,
2017 3749 2136 3803 ὅταν
2158 3753 2181 3804 ὁ
2210 3751 2365 3822 φλοιὸς

1342 3833 1639 3902 περιαιρεθῇ.
1659 3829 1763 3884 Sed
1782 3829 1943 3882 habet
1962 3829 2119 3883 etiam
2143 3829 2374 3883 fortassis

1344 3910 1484 3964 hanc
1507 3929 1629 3965 cum
1657 3909 1819 3964 cedro
1840 3909 2205 3981 cognationem
2230 3909 2371 3963 Idea

1346 3991 1608 4057 fraxinus,
1640 4009 1798 4062 quam
1827 3991 1897 4044 ab
1923 3991 2038 4044 aliis
2069 3989 2372 4043 auctoribus

1347 4085 1615 4144 acceptam
1646 4089 1791 4124 nunc
1820 4069 2023 4142 prodit.
2056 4067 2235 4121 Hnn.

1431 4151 1486 4206 5.
1542 4151 1735 4207 Cortice
1781 4151 1964 4207 ablato.
2018 4153 2099 4205 De
2136 4163 2263 4205 taxo
2312 4147 2371 4203 id
