2984 5009
703 429 858 517 344

698 564 779 635 fit
813 558 1201 633 absinthites
1241 563 1310 631 in
1359 588 1452 634 x1.
1503 564 1819 635 ‘sextarios
1834 549 1855 588 ⁵

1243 432 1319 500 C.
1377 428 1726 501 PLINII
1780 432 2002 501 NAT.
2058 431 2317 499 HIST.
2374 372 2387 419 ἰ

1860 551 1884 595 ⁴
1927 565 2167 651 musti,
2219 563 2536 633 absinthii
2583 565 2813 633 Pontici

701 668 906 741 libras
948 669 1226 741 decocta
1258 668 1345 740 ad
1390 672 1617 739 tertias
1653 684 1877 765 partes
1896 725 1917 755 ‚
1946 670 2052 740 vel
2092 672 2311 765 scopis
2324 654 2375 693 ⁵⁵
2419 670 2721 740 absinthii
2756 673 2817 739 in

703 778 934 845 vinum
965 775 1224 847 additis.
1259 775 1572 847 Similiter
1612 777 1980 873 hyssopites
1991 763 2042 801 ⁵⁶
2084 803 2121 847 e
2158 776 2397 848 Cilicio
2413 762 2463 817 ⁵⁷
2510 778 2814 873 hyssopo,

704 886 916 953 unciis
958 884 1169 953 tribus
1214 884 1282 953 in
1331 883 1502 953 duos
1544 886 1819 1013 conffios
1866 886 2067 954 musti
2102 884 2420 977 conjectis
2443 937 2464 968 ‚
2522 898 2637 953 aut
2670 885 2815 953 tusis

701 992 774 1059 in
818 1015 1047 1061 unum.
1101 991 1298 1059 Fiunt
1359 1004 1641 1085 utraque
1660 976 1682 1013 ⁵
1760 1005 1827 1062 et
1881 989 2010 1061 alio
2068 990 2271 1061 modo
2288 1045 2309 1075 ,
2350 992 2529 1060 cirea
2586 990 2815 1059 radices

703 1097 938 1167 vitium
984 1111 1152 1167 sato.
1199 1097 1310 1166 Sic
1371 1112 1437 1166 et
1496 1096 1887 1167 elleboriten
1906 1082 1957 1135 ⁵⁹
2002 1097 2148 1167 fieri
2201 1123 2287 1167 ex
2334 1112 2601 1168 veratro
2642 1098 2815 1191 nigro

705 1204 878 1275 Cato
905 1188 1184 1289 docet‘f‘fi
1221 1204 1329 1273 Sic
1353 1202 1431 1272 fit
1461 1219 1531 1272 et
1562 1205 2047 1275 scammonites.
2081 1206 2258 1275 Mira
2296 1205 2535 1274 vitium
2570 1218 2814 1288 natura,

701 1334 1012 1405 saporem
1045 1308 1334 1379 alienum
1358 1294 1408 1333 ⁶¹
1443 1312 1513 1379 in
1550 1335 1622 1379 se
1658 1310 1996 1397 trahendi,
2020 1310 2281 1406 qualem
2316 1326 2385 1381 et
2418 1310 2687 1381 salicum
2719 1333 2814 1377 re-

703 1416 933 1487 dolent
963 1416 1436 1486 Patavinorum
1483 1418 1555 1485 in
1590 1416 1993 1511 palustribus
2028 1418 2393 1487 vindemiae.
2434 1419 2547 1499 Sic
2577 1431 2642 1485 et
2672 1415 2815 1487 elle·

705 1521 944 1592 borum
978 1524 1218 1593 seritur
1247 1524 1320 1591 in
1345 1524 1567 1593 Thaso
1586 1578 1605 1612 ‚
1643 1539 1761 1594 aut
1790 1526 2088 1595 cucumis
2123 1524 2445 1609 silvester,
2492 1539 2607 1593 aut
2632 1548 2814 1593 scam·

703 1630 970 1699 monia:
1006 1629 1189 1724 quod
1227 1630 1455 1701 vinum
1489 1616 1941 1724 phthorium⁶.²
1971 1647 2254 1719 vocant,
2293 1634 2607 1726 quoniam
2636 1632 2815 1699 abor-

703 1749 812 1806 tus
855 1735 1031 1807 facit.

809 1843 914 1910 Fit
943 1858 1011 1911 et
1050 1866 1134 1911 ex
1167 1842 1428 1927 herbis,
1456 1863 1741 1939 quarum
1783 1860 2035 1915 naturae
2080 1868 2200 1915 suo
2236 1842 2386 1913 loco
2428 1842 2740 1913 dicentur.
2766 1844 2813 1911 E

703 1948 1042 2019 stoechade
1056 1933 1130 2029 ⁶³,
1164 1963 1231 2018 et
1267 1948 1489 2021 radice
1532 1952 1889 2046 gentianae,
1928 1967 1993 2023 et
2036 1952 2500 2047 tragorigano,
2532 1966 2600 2023 et
2632 1950 2813 2019 dicta-

692 2143 946 2199 cinnnndi
987 2142 1179 2198 modos
1231 2144 1557 2215 multiplices
1606 2143 1726 2199 vide

693 2244 782 2296 ap.
809 2224 986 2277 Diosc-
1009 2224 1107 2277 lib.
1135 2225 1207 2286 V,
1233 2242 1352 2295 cap.
1385 2231 1478 2293 49.
1507 2226 1691 2277 Hinn.

781 2305 872 2367 54.
909 2305 973 2357 In
1013 2304 1116 2357 XL
1147 2308 1400 2357 sextarios.
1437 2329 1460 2350 t
1486 2303 1727 2357 XLVIII

694 2384 931 2437 sextariis
974 2384 1174 2451 musti,
1217 2383 1470 2437 absinthii
1515 2383 1725 2437 Pontici

695 2464 859 2525 libra,
894 2462 1128 2517 decoctis
1159 2461 1229 2515 ad
1265 2464 1444 2517 tertias
1472 2476 1664 2534 partes.
1692 2488 1715 2511 ι

692 2543 938 2597 Budaeus.
969 2566 1051 2578 -··
1094 2544 1255 2614 Regg.
1295 2565 1314 2595 1
1333 2582 1350 2607 ,
1393 2562 1422 2595 2
1441 2581 1458 2607 ,
1498 2546 1724 2595 sextariis

695 2628 840 2677 musti
854 2664 870 2687 ,
904 2621 1055 2694 quod
1079 2622 1280 2693 recepit
1298 2622 1589 2675 Broterius.
1614 2624 1719 2676 En.

775 2704 868 2757 55.
903 2700 1072 2773 Scapis
1107 2700 1354 2755 absinthii.
1385 2702 1573 2771 Scopae
1610 2720 1721 2755 ma·

689 2783 872 2836 nuales
895 2818 912 2844 ‚
959 2783 1245 2835 herbarum
1305 2782 1543 2834 fasciculi
1603 2794 1725 2834 sunt

690 2862 956 2933 colligati,
995 2880 1090 2914 seu
1129 2860 1423 2932 manipuli,
1451 2861 1527 2915 ita
1556 2859 1716 2925 dicti,

690 2940 842 3013 quod
879 2959 1096 2993 manum
1133 2940 1420 3011 impleant,
1449 2942 1501 2993 αἱ
1528 2936 1720 3009 daunai

687 3029 822 3075 στοῶν
895 3022 1220 3091 χειροπληθεῖς
1249 3056 1267 3081 ,
1341 3020 1427 3071 das
1491 3024 1721 3091 poigm'es

688 3101 926 3155 d'Aerbes.
953 3102 1138 3153 Han.

773 3180 862 3237 ⁵6.
892 3180 1192 3252 Hyssopc'tes.
1231 3181 1313 3232 De
1338 3198 1448 3251 quo
1474 3180 1718 3235 Dioscor.

685 3262 781 3315 lib.
806 3263 888 3320 V,
915 3279 1034 3332 cap.
1065 3260 1136 3313 50
1155 3279 1172 3313 ε
1194 3246 1495 3320 'secuerit-nc
1522 3256 1581 3313 δὲ
1613 3262 1637 3313 ὁ
1664 3262 1721 3313 ἐκ

685 3346 770 3397 τοῦ
791 3343 1008 3395 Kantion
1019 3340 1253 3395 ὑσσώπου
1269 3341 1497 3401 afflig-dc
1516 3342 1637 3401 ἰςιν.
1648 3340 1717 3394 Η.

769 3424 858 3491 57.
887 3422 1080 3475 Cllicio.
1113 3418 1287 3473 Cicilcb
1309 3418 1476 3473 Hard.
1500 3438 1565 3473 ex
1594 3438 1719 3491 ope-

687 3522 871 3557 rarum
899 3514 1139 3574 peccato.
1168 3502 1274 3553 En.

769 3583 862 3637 58.
913 3582 1068 3634 Fiunt
1105 3592 1324 3651 ueraque.
1374 3579 1460 3632 Fit
1497 3579 1715 3638 vinum,

683 3663 860 3735 inquit
873 3696 889 3719 ,
909 3674 962 3715 et
979 3661 1297 3715 absinthites
1313 3696 1328 3722 ,
1351 3672 1404 3711 et
1423 3658 1719 3731 hyssopites

683 3744 791 3796 alio
835 3739 998 3793 modo
1041 3759 1055 3792 :
1106 3758 1230 3795 nam
1281 3738 1550 3791 absinthio
1569 3776 1585 3803 ,
1634 3738 1717 3791 vel

684 3823 922 3893 hyssopo
940 3858 956 3884 ,
985 3820 1128 3872 circa
1163 3818 1286 3873 vitis
1325 3816 1531 3871 radices
1564 3831 1711 3881 sato,

685 3904 800 3973 ejus
838 3900 1018 3953 herbas
1053 3917 1298 3969 saporem
1336 3898 1501 3952 refert
1536 3896 1593 3951 id
1636 3899 1713 3951 vi-

1900 2144 1993 2213 59.
2008 2143 2093 2197 Sic
2107 2156 2156 2196 et
2172 2143 2464 2195 elleboriten.
2482 2142 2571 2195 Sic
2586 2142 2813 2196 nimirum

1812 2223 1882 2277 ad
1911 2224 2103 2277 vitium
2138 2222 2345 2277 radices
2366 2235 2579 2275 veratro
2608 2220 2813 2281 consito,

1813 2305 1899 2356 vel
1934 2303 2259 2357 scammonia
2272 2320 2303 2367 ,·
2319 2302 2454 2356 Cato
2484 2300 2554 2355 de
2588 2304 2648 2355 R.
2685 2303 2745 2355 R.
2774 2318 2811 2353 e.

1812 2402 1945 2449 cxv,
1966 2402 2085 2454 pag.
2119 2385 2245 2447 164.
2270 2382 2457 2435 Han.

1895 2467 1985 2518 60.
2020 2464 2147 2517 Cato
2176 2463 2331 2515 docet.
2358 2462 2493 2533 Cap.
2520 2480 2634 2515 cxv.
2666 2459 2810 2513 Cate-

1810 2563 1931 2596 rum
1966 2541 2247 2596 serendum
2284 2554 2551 2595 veratrum
2592 2558 2693 2594 esse
2716 2558 2811 2593 non

1810 2622 2021 2689 scribit,
2052 2640 2237 2675 verum
2267 2623 2380 2693 ejus
2405 2620 2601 2675 radicis
2624 2620 2813 2673 fascicu-

1810 2703 1891 2756 los
1931 2714 2038 2756 tres
2070 2701 2211 2755 circa
2245 2702 2365 2755 vitis
2394 2702 2707 2773 ablaqueata
2738 2718 2809 2751 ra-

1812 2781 1985 2837 dicem
2012 2780 2379 2835 defodiendus.
2410 2778 2731 2834 Dioscorides
2756 2796 2809 2829 ex

1812 2863 2004 2933 plantae
2052 2860 2321 2914 radicibus
2372 2874 2547 2914 musto
2594 2858 2808 2913 immissis

1809 2942 2141 2995 elleboritem
2198 2954 2253 2993 et
2295 2942 2687 2995 scammonitem
2732 2956 2807 3009 pa-

1810 3035 1913 3075 rat.
1943 3024 2149 3075 Dante.

1892 3104 1958 3153 61
1972 3140 1985 3153 .
2018 3100 2247 3171 Saporem
2287 3101 2500 3153 alienum
2514 3139 2533 3164 ‚
2574 3112 2667 3152 etc.
2708 3097 2805 3149 Non

1806 3198 2049 3251 saporem
2089 3193 2329 3245 tantum,
2360 3178 2455 3233 sed
2486 3181 2641 3233 etiam
2677 3178 2805 3230 vires.

1810 3260 1987 3313 Dioec.
2016 3260 2111 3313 lib.
2135 3260 2210 3327 V,
2236 3278 2353 3329 cap.
2385 3279 2479 3330 77.
2512 3262 2701 3312 Dutc-

1818 3390 1825 3395 .
1892 3344 1985 3393 62.
2004 3340 2308 3393 Patitor-ium.
2332 3340 2461 3393 Hae
2480 3339 2637 3409 plane
2648 3335 2805 3390 iisdem

1808 3420 1985 3473 verbis
2010 3420 2187 3473 Diosc.
2211 3420 2301 3472 lib.
2328 3420 2401 3483 V,
2423 3438 2473 3471 c.
2502 3438 2576 3489 77
2601 3437 2616 3470 :
2638 3418 2805 3471 Γίνιτιι

1806 3493 1865 3551 ὃὸ
1892 3500 1977 3553 καὶ
2005 3500 2187 3570 φθόριος
2212 3496 2433 3569 ἐμςρύων
2460 3492 2583 3559 οἶνος
2598 3538 2613 3560 ,
2637 3510 2726 3549 etc.
2750 3494 2802 3546 Η.

1889 3580 1983 3633 63.
2008 3580 2062 3631 Ε
2077 3579 2343 3639 stoechade,
2369 3591 2474 3632 etc.
2499 3579 2693 3631 Vinum
2710 3587 2805 3627 σιω-

1806 3658 2046 3713 chadites
2066 3654 2315 3713 Dioscor.
2334 3658 2435 3711 lib.
2460 3660 2544 3717 V,
2576 3674 2685 3727 cap.
2718 3654 2803 3716 ὄις

1806 3739 2229 3809 Tragoriganites
2246 3776 2264 3801 ,
2324 3757 2443 3810 cap.
2490 3738 2558 3792 ⁵5
2578 3756 2595 3802 ;
2652 3734 2803 3789 Dicu-

1807 3819 2015 3883 mnites,
2027 3838 2145 3891 cap.
2168 3820 2273 3890 573
2300 3819 2564 3883 Ammites,
2590 3834 2696 3887 cap.
2715 3813 2801 3871 685

1805 3900 2085 3963 Daucite⁸‚
2112 3918 2229 3971 cap.
2264 3918 2369 3968 70;
2403 3895 2799 3969 Elelisphacites,

683 4000 816 4035 num
835 4021 849 4045 ,
873 3976 1026 4051 quod
1049 3996 1113 4031 ex
1135 3996 1195 4029 ea
1220 3978 1330 4030 vite
1349 3978 1410 4031 fit
1431 3998 1444 4029 :
1471 3980 1714 4032 trahente
1802 3998 1919 4049 cap.
1950 3997 2017 4048 71
2040 4000 2056 4043 ;
2086 3979 2387 4041 Pammenes,
2414 3997 2533 4050 cap.
2560 3995 2661 4048 7²3
2688 3976 2797 4025 Aoo-

684 4061 741 4115 in
771 4080 826 4115 se
848 4062 956 4113 vite
981 4076 1223 4129 saporem
1251 4058 1501 4111 alienum.
1530 4059 1712 4113 Ηιιιι).
1802 4059 1959 4123 rites,
1984 4078 2099 4129 cap.
2126 4061 2233 4129 735
2256 4059 2568 4130 Conyzites,
2590 4074 2696 4126 cap.
2718 4051 2795 4111 633
