2984 5009
594 429 741 501 656
1348 433 1906 503 EXCURSUS
1956 434 2010 500 I.

675 554 1040 617 celeberrima
1070 561 1272 632 species
1302 580 1532 633 quercus
1550 596 1567 623 ‚
1610 583 1729 635 quae
1765 567 1931 635 πρῖνος
1977 564 2271 618 Veteribus
2301 562 2445 620 dicta
2463 598 2482 627 2
2513 564 2740 623 materiei

595 643 850 696 firmitate
877 653 931 693 et
960 639 1161 694 duritie
1196 643 1496 712 proeprimis
1519 643 2013 697 commendabatur.
2043 645 2124 697 Ita
2145 644 2408 700 Hesiodus
2427 649 2544 718 jam
2571 648 2744 702 suadet

599 723 763 777 aratri
804 720 1019 775 dentale
1044 740 1109 774 ex
1142 722 1297 793 πρίνῳ
1334 741 1447 776 esse
1482 723 1820 788 faciendum,
1853 737 1908 777 et
1936 743 2120 777 rursus
2149 742 2164 777 :

836 840 1055 911 Πρίνινον
1074 880 1089 905 ,
1117 838 1168 900 ὃς
1193 837 1288 911 γὰρ
1323 839 1489 905 βουσὶν
1524 842 1665 911 ἀροῦν
1695 840 2006 911 ὀχυρώτατός
2029 842 2131 902 ἱςιν
2156 830 2268 911 (1).

601 960 738 1015 Inde
767 959 1154 1031 Aristophanes
1174 954 1259 1022 (a)
1281 977 1296 1012 ε

837 1087 1131 1165 Ᾰχοιρνικοὶ,
1160 1095 1331 1156 ςιπτοὶ
1367 1096 1621 1167 γέροντας,
1650 1096 1871 1165 πρίνινοι.

593 1214 847 1286 Lychnos
890 1232 1110 1285 quoque
1152 1231 1217 1266 ex
1278 1212 1565 1266 durissimo
1609 1214 1714 1267 hoc
1756 1214 1906 1285 ligno
1956 1214 2244 1269 fabricatos
2291 1214 2458 1267 fnisse
2477 1254 2494 1277 ,
2539 1228 2753 1269 testatur

597 1295 885 1440 Αιίιεηῗιιο
905 1283 1027 1362 (3);
1072 1306 1213 1346 rotas
1241 1311 1468 1365 axesque
1505 1306 1559 1347 et
1601 1294 1744 1365 lyras
1779 1294 1992 1365 aliaque
2019 1295 2405 1353 iustrumenta,
2440 1296 2755 1367 Theophra·-

596 1388 705 1427 stus
728 1367 787 1441 (4
824 1412 837 1426 .

673 1454 849 1524 Hujus
898 1470 1027 1505 vero
1080 1452 1285 1505 arboris
1305 1489 1319 1509 ,
1361 1472 1480 1524 quae
1515 1450 1682 1506 hodie
1723 1452 1966 1517 Quercus
2005 1454 2114 1505 112ae
2167 1454 2425 1520 vocatur,
2463 1472 2638 1526 quum
2683 1468 2760 1507 tot

526 1552 532 1572 ¹
596 1545 861 1603 tantaeque
899 1533 1005 1584 sint
1042 1532 1347 1596 varietates,
1386 1545 1447 1584 ut
1480 1531 1895 1605 haudquaquam
1923 1533 2040 1585 sine
2064 1534 2282 1603 negotio
2321 1533 2538 1587 easdem
2567 1534 2760 1587 discer-

594 1632 724 1667 nere
764 1611 1053 1683 possimus,
1082 1612 1317 1683 primum
1359 1612 1719 1683 Theophrasti
1761 1610 2180 1682 descriptionem
2219 1614 2391 1682 πρίνου
2421 1615 2596 1685 ipsius
2629 1632 2760 1666 con·

596 1693 827 1745 sulamus
846 1730 861 1755 ,
916 1689 1112 1743 deinde
1155 1710 1285 1743 vero
1334 1689 1400 1743 ad
1447 1710 1534 1744 eas
1589 1704 1954 1755 transeamus,
1993 1710 2112 1762 quae
2157 1690 2440 1747 differunt.
2491 1695 2757 1745 Arborem

596 1790 711 1824 esse
753 1772 977 1833 fatetur,
1002 1788 1229 1840 quercus
1260 1772 1504 1841 vulgares
1531 1771 1850 1842 proceritate
1881 1782 2250 1842 exoequantem
2267 1812 2284 1837 ‚
2327 1771 2462 1825 dum
2503 1772 2758 1825 idoneum

593 1851 761 1904 fuerit
796 1850 1001 1915 solum3
1045 1849 1311 1903 radicibus
1352 1850 1586 1921 copiosis
1619 1864 1673 1904 et
1726 1851 1842 1903 altis
1881 1851 2235 1916 instructam3
2287 1852 2432 1927 folia·
2459 1870 2575 1904 esse
2606 1870 2760 1922 quer·

597 1932 681 1984 nis
722 1930 943 1991 similia,
981 1928 1075 1983 sed
1103 1930 1311 1982 minora
1342 1948 1403 1981 ac
1443 1930 1676 1984 aculeata
1699 1948 1717 1995 ς
1737 1929 2016 1983 corticem
2056 1948 2264 2001 querno
2301 1932 2620 1997 laeviorcm3
2653 1950 2758 1982 ma·

599 2013 789 2065 teriem
835 2010 1055 2079 spissam
1088 2021 1245 2081 atque
1292 2011 1612 2077 robustam3
1656 2011 1896 2063 fructum
1945 2008 2298 2079 glandosum,
2335 2010 2588 2081 glandem
2637 2029 2759 2063 vero

601 2091 770 2161 ipsam
819 2090 1083 2161 pusillam.
1124 2091 1375 2141 Veterem
1418 2090 1656 2142 fructum
1693 2108 1723 2141 a
1761 2108 1904 2142 novo
1940 2090 2227 2161 occupari,
2277 2110 2446 2161 quum
2481 2109 2605 2143 sero
2658 2108 2762 2143 ma·

602 2183 826 2223 turescat
858 2188 872 2220 ε
904 2168 1137 2239 ideoque
1166 2165 1375 2239 διφοροῖν
1409 2170 1682 2223 nonnullis
1717 2167 1850 2223 dici.
1895 2168 2094 2221 Praeter
2139 2168 2386 2239 glandem
2421 2170 2566 2223 ferre
2609 2170 2762 2222 etiam

600 2252 773 2303 κόκκον
820 2250 932 2303 τινὰ
972 2254 1239 2318 φοινικοῦν,
1280 2250 1365 2303 καὶ
1415 2250 1570 2314 ἰξίαν,
1610 2250 1696 2302 καὶ
1733 2249 1884 2319 ὕφεαρ
1919 2238 2024 2315 (5).
2055 2250 2326 2302 Coeterum
2373 2249 2432 2301 in
2491 2250 2764 2303 montibus

605 2348 843 2383 crescere
883 2347 943 2381 ac
976 2342 1333 2381 maturescere
1378 2328 1584 2382 fructus
1623 2340 1746 2399 post
1786 2327 2063 2381 Pleiadum
2091 2346 2340 2382 occasum
2361 2320 2482 2397 (6),
2511 2326 2603 2393 (id
2651 2340 2758 2391 est,

606 2427 787 2461 mense
814 2400 1141 2474 novembri).

682 2488 916 2543 Glandes
948 2488 1077 2559 ipsae
1105 2488 1263 2540 ἅκυλα
1294 2506 1325 2539 a
1358 2488 1650 2540 Veteribus
1679 2485 1867 2552 dictas,
1893 2487 1961 2539 ab
1993 2488 2230 2540 Homero
2252 2490 2365 2559 jam
2410 2488 2760 2541 nominantur

598 2568 739 2621 inter
769 2586 859 2621 eos
882 2568 1087 2620 fructus
1106 2606 1121 2631 ,
1164 2586 1299 2638 quos
1327 2566 1483 2621 Circe
1515 2566 1724 2635 Ulyssis
1764 2566 2054 2620 comitibus
2080 2568 2368 2639 projecerit
2389 2564 2471 2638 (7)
2503 2585 2520 2619 ε

840 2690 969 2755 Παρ’
994 2680 1048 2735 δ’
1078 2686 1250 2738 ἄκυλον
1292 2686 1504 2750 βάλανόν
1531 2660 1577 2739 r'
1601 2682 1747 2739 ἱὸαλε
1783 2686 1968 2757 καρπόν
2016 2706 2071 2738 τι
2103 2686 2324 2755 κρανείης
2343 2720 2361 2747 ,

599 2808 687 2859 cui
718 2805 905 2858 vossii
945 2804 1113 2857 nostri
1164 2804 1341 2856 versio
1372 2822 1486 2856 non
1519 2804 1642 2857 satis
1672 2802 2000 2875 respondet:

815 2913 1056 2958 Schiittete
1080 2912 1387 2966 lucheman,
1419 2912 1678 2958 Buchniiss’
1701 2912 1801 2957 und
1823 2912 1960 2958 rothe
1989 2910 2264 2957 Kornellen.

604 3022 839 3095 Amphis
881 3019 1026 3093 apud
1053 3020 1381 3073 Athenaeum
1400 3012 1481 3090 (8)
1513 3040 1527 3073 ε

839 3131 885 3193 ὁ
918 3140 1183 3210 συκάμινος
1211 3139 1461 3209 συκάμιν’,
1500 3142 1612 3211 ὁρᾷς
1630 3178 1647 3205 ‚
1674 3142 1800 3211 φέρει
1819 3178 1835 3203 ,

844 3210 890 3273 ὁ
916 3223 1079 3291 πρῖνος
1110 3220 1312 3281 ἀκύλους
1329 3257 1346 3284 ,
1375 3222 1399 3271 ὁ
1428 3220 1642 3291 κόμαρος
1667 3217 1959 3291 μιμαίκυλοὶ.

608 3342 794 3406 Quum
820 3336 1037 3410 glandes
1064 3338 1273 3409 iligna,
1300 3339 1451 3391 tenui
1492 3357 1826 3409 exsuccoque
1875 3337 2152 3409 putamine
2197 3336 2455 3390 nucleum
2503 3332 2756 3399 condant,

603 3420 884 3474 Theocriti
930 3418 1043 3491 huc
1072 3419 1347 3488 pertinent
1374 3434 1557 3471 versus
1583 3437 1599 3471 :

663 3590 735 3652 (1)
766 3586 955 3633 Hesiod.
986 3602 1065 3649 op.
1092 3596 1140 3633 et
1164 3586 1283 3639 dies,
1305 3604 1347 3633 v.
1374 3596 1478 3648 427.

664 3664 737 3726 (a)
762 3663 965 3709 Acharn.
989 3678 1033 3707 v.
1067 3677 1157 3724 1⁰79
1173 3696 1187 3716 ,
1220 3662 1322 3709 180.

672 3740 745 3801 (3)
777 3736 881 3793 Lib.
903 3738 985 3782 XV
1004 3771 1018 3792 ,
1041 3752 1089 3797 p.
1110 3736 1222 3798 693.

668 3812 743 3874 (4)
772 3811 943 3857 Histor.
972 3810 1119 3872 plant.
1142 3811 1229 3858 lib.
1249 3814 1307 3866 V,
1326 3826 1367 3858 c.
1388 3810 1441 3865 8,
1470 3826 1520 3873 p.
1549 3818 1652 3865 114.

666 3886 740 3951 (5)
773 3887 843 3933 lh.
873 3887 957 3933 lib.
984 3887 1054 3931 111
1072 3920 1085 3940 ,
1110 3901 1150 3931 c.
1178 3898 1251 3945 17,
1271 3902 1319 3947 p.
1344 3886 1421 3940 64.

662 3964 735 4024 (6)
767 3962 837 4008 lb.
864 3962 946 4007 lib.
981 3962 1079 4015 111,
1104 3977 1145 4008 c.
1173 3961 1232 4015 6,
1264 3978 1310 4023 p.
1331 3960 1407 4015 45.

672 4038 744 4099 (7)
778 4037 870 4084 Od.
898 4038 960 4091 K,
994 4044 1100 4091 242.
1288 4064 1292 4067 ·

672 4114 746 4174 (8)
778 4113 883 4160 Lib.
903 4114 947 4159 ΙΙ
967 4146 979 4167 ,
998 4128 1040 4157 c.
1068 4126 1139 4165 ιι,
1162 4127 1210 4172 p.
1237 4111 1321 4167 82,
1348 4111 1423 4157 ed.
1443 4108 1650 4155 Schifer.
