2984 5009
643 478 737 551 56
1194 481 1271 549 C.
1325 478 1643 551 PLINII
1692 478 1911 547 NAT.
1966 478 2225 547 HIST.

635 607 780 675 titia
807 658 822 673 .
859 606 1117 695 Quinta
1175 604 1623 675 Sembracena
1644 601 1689 627 ¹¹
1712 656 1732 690 ‚
1778 627 1820 671 a
1860 603 2130 671 civitate
2170 603 2360 697 regni
2379 603 2791 675 ‘Sabaeorutn

635 714 806 781 mari
841 714 1167 807 proxima.
1211 714 1446 795 Sexta,
1487 735 1689 805 quam
1748 707 2161 779 Dusaritin¹²
2207 723 2472 779 vocant.
2540 713 2663 780 Est
2718 727 2797 781 et

635 818 917 888 candida
953 843 1093 887 uno
1127 833 1386 887 tantum
1420 817 1602 903 loce,
1620 841 1769 911 quae
1790 816 1862 884 in
1882 815 2241 885 Messalam
2269 816 2592 911 oppidum
2622 842 2789 887 con·

632 924 866 994 fertur.
928 924 1258 995 Probatur
1313 908 1865 1019 Troglodytica¹³
1919 922 2427 1018 pinguitudine,
2482 938 2551 993 et
2602 924 2790 1019 quod

633 1047 908 1127 aspectu
937 1032 1184 1102 aridior
1215 1047 1347 1120 est,
1377 1029 1778 1124 sordidaque
1808 1054 1887 1099 ac
1918 1030 2235 1117 barbara,
2267 1030 2385 1099 sed
2418 1031 2637 1099 acrior
2664 1056 2789 1101 cae-

632 1141 806 1207 teris.
849 1139 1292 1210 Sembracena
1311 1138 1641 1234 praedictis
1660 1151 1847 1207 caret
1860 1140 2082 1223 vitiis,
2108 1152 2305 1207 antea
2332 1136 2491 1207 alias
2520 1136 2787 1222 hilaris,

633 1244 750 1314 sed
770 1246 1024 1315 viribus
1045 1248 1280 1316 tenuis.
1315 1249 1392 1314 In
1421 1244 1693 1341 plenum
1716 1232 1765 1277 ¹⁴
1790 1259 2013 1375 antesin
2046 1244 2353 1339 probatio
2376 1258 2478 1312 est
2502 1245 2784 1313 minutis

631 1350 874 1446 glebis,
915 1378 1040 1423 nec
1069 1352 1415 1439 rotundiS‚
1448 1355 1519 1422 in
1560 1350 1917 1421 concretu¹
1923 1337 2325 1421 ⁵albicantis
2354 1351 2536 1420 succi
2568 1364 2637 1418 et
2670 1366 2781 1419 ta-

629 1457 1004 1529 bescentis:
1037 1474 1246 1554 utque
1281 1459 1497 1529 fracta
1530 1457 1851 1529 candidos
1883 1457 2173 1553 ungues¹
2179 1443 2537 1543 ⁶,habeat
2584 1471 2791 1551 gustu

629 1562 867 1634 leniter
926 1589 1172 1634 amara.
1235 1566 1544 1635 Secunda
1578 1566 1843 1635 bonitas
1904 1566 2083 1634 intus
2124 1566 2312 1633 varia
2326 1562 2395 1631 ⁷.
2460 1565 2792 1643 Pessima..

627 2007 755 2042 men
786 1989 1054 2053 obtineat,
1084 2001 1276 2063 prater
1307 1988 1446 2043 illud
1475 2006 1489 2042 τ
1522 1986 1658 2059 quid

629 2069 673 2121 si
709 2069 884 2140 legas,
919 2070 1114 2139 Quarta
1145 2069 1424 2123 Caucalitia
1445 2076 1476 2122 P
1520 2070 1659 2123 Nam

629 2148 814 2201 Diosc.
839 2150 933 2202 lib.
960 2150 1020 2209 1,
1043 2168 1163 2222 pag.
1205 2166 1299 2220 77,
1319 2147 1388 2202 de
1420 2150 1658 2223 myrrhae

629 2228 912 2299 generibus
933 2226 1222 2291 disserens,
1235 2231 1267 2287 ἦ
1288 2225 1349 2283 δὲ
1373 2228 1659 2297 Kavad-lc,

627 2308 833 2379 inquit,
862 2311 1098 2381 λεγομένη
1117 2349 1133 2376 ,
1163 2330 1211 2362 κ.
1236 2330 1287 2363 τ.
1316 2318 1367 2363 λ.
1392 2310 1575 2364 Ham).

718 2406 742 2441 1
759 2407 783 2441 1
798 2428 810 2440 .
846 2388 1179 2442 Sembraeena.
1195 2392 1276 2441 De
1299 2390 1407 2443 hoc
1433 2386 1658 2461 oppido,

635 2478 690 2521 et
726 2466 794 2519 de
821 2468 1048 2522 Messalo
1077 2468 1312 2522 diximus
1340 2470 1441 2534 VI,
1471 2471 1564 2523 3².
1588 2470 1658 2524 H.

717 2564 744 2599 1
759 2566 810 2601 τι.
840 2548 1432 2619 Βωανίιὶη.Δουσαρηνοὶ
1457 2549 1661 2603 Arabes

631 2626 924 2679 Ptolemaeo
951 2628 1170 2695 cogniti,
1192 2628 1286 2680 lib.
1318 2629 1430 2692 VI,
1455 2647 1573 2700 cap.
1604 2647 1661 2699 7,

632 2706 691 2757 in
717 2704 912 2757 Arabia
950 2704 1146 2758 Felice.
1169 2706 1398 2761 Ten-tull.
1423 2708 1478 2759 in
1499 2709 1659 2779 Apol.

640 2810 665 2831 ι
693 2784 1002 2855 Unicuique
1036 2784 1332 2855 provincia
1367 2797 1420 2838 et
1453 2787 1661 2840 civitati

632 2880 758 2916 suus
797 2874 875 2917 est
909 2865 1085 2929 Deus,
1118 2875 1178 2915 ut
1215 2864 1384 2934 Syriae
1413 2867 1624 2918 Astarte
1644 2902 1661 2929 ‚

631 2955 694 2997 ut
722 2941 937 2995 Arabim
963 2944 1239 2996 Ducam.-
1275 2944 1506 2997 Dusarin
1528 2964 1665 3016 quo-

633 3041 742 3095 que
773 3024 1010 3076 Arabum
1037 3024 1216 3075 Deum
1247 3022 1547 3093 Stephanus
1565 3042 1665 3077 vo·

631 3116 734 3156 cat.
751 3102 804 3155 Is
820 3115 1000 3156 autem
1020 3102 1296 3155 Bacchus
1281 3120 1394 3173 ipse
1409 3115 1503 3156 est.
1524 3104 1665 3157 Nam

632 3182 932 3255 Hesychius
958 3200 1022 3235 ex
1045 3180 1277 3249 Isidoro,
1309 3183 1544 3255 Δούσαριν
1577 3204 1660 3237 τον

634 3263 856 3315 Διόνυσον
879 3259 1170 3317 Naeui-aios
1199 3259 1537 3334 ὀνομάζουσιν.
1562 3246 1670 3335 Igi-

631 3354 724 3394 tur
749 3342 833 3395 vel
853 3361 884 3395 a
925 3343 1212 3396 Dusarenis
1242 3342 1489 3415 populis.
1520 3342 1665 3415 apud

631 3439 766 3492 quos
823 3422 1138 3476 nascebatur
1155 3462 1173 3488 ,
1233 3423 1317 3476 vel
1383 3440 1412 3475 a
1471 3422 1665 3477 Dussri

631 3502 780 3569 Deo,
819 3504 908 3555 cui
936 3502 1294 3567 offerebatur,
1335 3501 1394 3555 id
1423 3504 1475 3556 ei
1518 3522 1665 3577 myr-

629 3581 740 3633 rhae'
763 3600 959 3635 nomen
983 3582 1201 3637 factum.
1221 3583 1402 3636 Hnm.

717 3680 740 3713 1
757 3662 807 3714 3.
848 3663 1213 3733 nglodytiea.
1254 3663 1525 3716 silvestris
1570 3663 1658 3716 ni-

633 3740 862 3801 mirum,
901 3753 952 3794 et
993 3760 1117 3812 quae
1147 3743 1386 3813 ἐργασίμν.
1419 3762 1449 3795 ιι
1473 3744 1653 3797 Diosc.

629 3817 845 3885 dicitur,
872 3821 968 3873 lib.
994 3822 1052 3887 1,
1075 3840 1190 3892 cap.
1217 3841 1310 3892 77.
1331 3823 1469 3876 Nam
1487 3824 1655 3877 sativa

628 3897 1006 3969 Troglodytica
1023 3940 1039 3965 ‚
1059 3920 1222 3971 quam
1245 3901 1421 3956 Diosc.
1438 3901 1649 3967 laudat,

627 3988 684 4029 et
707 3978 943 4031 Galenus
974 3981 1077 4033 loc.
1107 3982 1199 4035 cit.
1228 3980 1363 4035 adeo
1389 4002 1503 4036 non
1538 4002 1651 4037 sor·

625 4056 776 4111 dium
824 4072 878 4113 et
921 4060 1180 4130 squaloris
1228 4062 1385 4131 plena
1429 4074 1504 4117 est
1522 4096 1541 4125 ‚
1588 4076 1653 4117 ut

580 4140 583 4143 ’
623 4136 831 4211 διαυγὴς
847 4139 1024 4211 potius
1041 4139 1270 4207 dicatur,
1292 4154 1346 4195 et
1359 4140 1645 4213 pellucidae

515 1663 522 1669 ’
628 1672 807 1741 intus
851 1672 1080 1768 nigra:
1137 1672 1364 1767 pejor,
1424 1674 1478 1742 si
1522 1673 1725 1741 etiam
1794 1671 1978 1742 foris.
2042 1672 2263 1741 Pretia
2303 1695 2385 1739 ex
2432 1671 2790 1739 occasione

628 1780 995 1849 ementium
1021 1780 1225 1849 varia.
1269 1781 1513 1851 stactae
1545 1804 1707 1848 vero
1746 1803 1788 1847 a
1824 1802 1961 1848 1111
1992 1776 2079 1847 ad
2102 1762 2259 1847 xL¹⁸

2266 1776 2576 1846 .Sativae
2606 1800 2791 1846 sum·

1744 1998 1797 2041 et
1836 1986 1980 2052 hoc,
2036 2000 2095 2041 ut
2144 1984 2351 2041 dictum
2398 1998 2507 2053 est,
2550 1985 2789 2041 silvestri

1745 2026 2043 2140 prafertiir.
2062 2066 2246 2121 Huin.

1832 2153 1919 2211 14.
1948 2148 2011 2201 In
2021 2149 2231 2219 plenum
2252 2134 2391 2207 ὀλως
2410 2142 2491 2211 δὲ,
2510 2146 2796 2215 universe,

1744 2228 2055 2298 generatim.
2080 2228 2247 2282 Hnm
2254 2220 2695 2279 .—-Dioscorides
2716 2225 2795 2280 de

1746 2305 2027 2378 probanda
2055 2308 2274 2378 myrrha
2304 2306 2421 2359 haec
2451 2305 2645 2373 habet,
2686 2304 2789 2359 lib.

1746 2388 1804 2449 Ι,
1838 2406 1955 2459 cap.
1994 2404 2118 2458 77.
2164 2377 2377 2457 Εκλίγου
2410 2382 2471 2439 δ’ὁ
2505 2384 2596 2441 τὴν
2636 2386 2794 2452 νέαν,

1748 2466 1992 2539 ψαθυρὰν.
2022 2469 2201 2537 κούφην
2224 2498 2242 2528 ,
2286 2466 2559 2537 ὁμόχρουν,
2584 2484 2794 2518 παντα-

1745 2548 1908 2615 χόθεν,
1931 2546 2017 2601 καὶ
2039 2548 2127 2605 τὴν
2152 2549 2199 2599 ἐν
2218 2553 2291 2618 τῷ
2308 2541 2792 2601 θλασθῆναιένδόθιν

1744 2629 1942 2693 λευκὰς,
1969 2622 2281 2695 ὄνυχοιιδιῖς,
2297 2626 2507 2694 ἔχουσαν
2528 2620 2795 2695 διαφύσεις

1746 2708 1903 2772 λείας,
1921 2705 2218 2778 μικρόὸωλόν
2244 2726 2300 2758 τι
2316 2744 2333 2770 ,
2355 2704 2439 2758 καὶ
2464 2702 2671 2775 πικρὰν,
2696 2704 2789 2757 αὗ-

1748 2783 1880 2851 eadm,
1890 2782 2137 2859 δριμεῖαν,
2150 2784 2496 2857 θερμαντικὴν,
2505 2804 2607 2837 aar.
2616 2791 2664 2836 λ.
2676 2784 2793 2839 En.

1837 2870 1931 2921 15.
1979 2868 2043 2919 In
2080 2877 2319 2918 concretu.
2372 2866 2520 2916 Dum
2574 2861 2795 2935 liquida

1750 2947 2059 2997 concrescit.
2084 2946 2271 2999 Hum.

1838 3042 1861 3076 ι
1874 3028 1929 3077 6.
1976 3023 2227 3077 Candidos
2258 3042 2460 3093 ungues.
2514 3022 2799 3078 luterem·-

1748 3116 1929 3155 rentcs
1976 3103 2143 3156 lineas
2186 3101 2472 3169 candidas,
2512 3104 2793 3174 unguium

1747 3183 1981 3253 speciem
1998 3200 2111 3253 prae
2134 3202 2188 3237 se
2214 3183 2463 3247 ferentes,
2486 3200 2549 3235 ac
2586 3183 2746 3237 laves
2768 3202 2789 3239 ε

1740 3265 1799 3315 lv
1830 3263 1900 3333 ἐῷ
1928 3266 2191 3319 θλασθῆναι
2224 3257 2415 3315 {vanem
2442 3260 2619 3324 λωιιδὶς
2635 3302 2651 3329 ,
2670 3265 2795 3318 ὄνυ-

1746 3338 1959 3411 χοιιὸιῖς
1976 3379 1995 3407 ,
2034 3344 2239 3412 ἔχουσαν
2283 3337 2539 3413 διαφύσεις
2556 3380 2573 3408 ,
2618 3344 2792 3406 λείας.

1746 3422 1935 3475 Talem
1986 3425 2181 3495 probat
2220 3435 2275 3476 et
2332 3422 2619 3476 Chai-usius
2642 3462 2660 3491 ‚
2722 3424 2793 3478 in

1746 3502 2024 3556 Pha-msc.
2054 3502 2242 3557 Galen.
2276 3521 2400 3574 pag.
2434 3506 2568 3572 2963
2614 3504 2791 3558 talem

1746 3596 1801 3637 et
1820 3582 1925 3654 ipsi
1952 3582 2199 3637 vidimus.
2227 3581 2413 3637 Hnm.

1832 3682 1921 3734 17.
1958 3664 2133 3719 Varie.
2172 3663 2309 3728 Quae
2339 3661 2483 3715 intus
2509 3663 2646 3716 varii
2678 3680 2781 3717 co-

1742 3743 1872 3796 loris
1919 3756 2031 3806 est,
2084 3740 2342 3795 secundas
2381 3754 2541 3796 tenet.
2586 3741 2783 3796 Unde-

1742 3840 1952 3893 quaque
1983 3822 2326 3875 concolor-em
2372 3820 2555 3875 laudat
2594 3822 2779 3878 Diosc.

1738 3902 1843 3955 loc.
1872 3901 1963 3955 cit.
1994 3894 2127 3973 (vid.
2160 3916 2274 3956 not.
2316 3892 2431 3969 14).
2454 3900 2640 3956 Hum.

1824 3983 1914 4036 18.
1956 3984 2012 4035 A
2044 3981 2207 4036 XIII
2227 3982 2302 4036 ad
2344 3981 2467 4034 XL.
2506 3982 2592 4034 Ita
2616 3982 2781 4037 MSS.

1738 4079 1940 4115 omnes.
1988 4062 2171 4116 nnn.
2216 4094 2299 4107 -—
2320 4062 2370 4113 A
2402 4060 2637 4116 denariis
2676 4074 2783 4115 tre-

1741 4140 1938 4208 decim,
1962 4140 2017 4196 id
2040 4155 2119 4196 est
2133 4180 2153 4209 ,
2175 4153 2404 4196 moneta
2424 4154 2623 4196 nostra
2650 4160 2685 4211 9
2704 4140 2774 4195 fr.
