2984 5009
1032 440 1092 507 L
1105 442 1138 507 I
1155 441 1209 509 Β
1224 440 1279 507 E
1292 440 1353 509 R
1406 441 1473 507 X
1488 438 1548 504 V
1565 436 1618 505 1.

250 572 669 667 cynosbatos.
680 572 1005 701 5Tertium
1046 594 1257 665 genus
1290 570 1546 641 Idaeum

2255 434 2392 531 5ηὸ

1561 556 1586 602 ⁴
1623 584 1866 639 vocant
1896 570 2118 641 Graeci
2149 595 2188 639 a
2225 571 2395 643 loco.

248 681 539 749 Tenuius
565 663 703 747 est⁵
738 702 948 808 quam
966 692 1205 747 caetera
1226 677 1770 771 ‚minoribusque
1807 677 2042 773 spinis,
2077 692 2146 747 et
2177 680 2398 751 minus

246 786 543 855 aduncis,
582 784 735 855 Flos
767 770 948 877 ejus⁶
978 798 1216 855 contra
1260 782 1687 913 lippitudines
1723 781 1996 853 illinitur
2030 810 2120 854 ex
2159 786 2391 857 melle:

245 908 311 961 et
352 894 495 987 igni
529 916 721 963 sacro
740 890 763 929 ⁷
769 893 1077 961 .Contra
1110 876 1469 961 stomachi⁸
1508 914 1775 986 quoque
1816 892 1976 959 vitia
2021 890 2274 962 bibitur
2317 918 2399 964 ex

244 1023 437 1095 aqua.
481 996 830 1069 Sambuci⁹
869 998 1095 1068 acinos
1137 997 1393 1066 habent
1438 998 1666 1091 nigros
1699 1011 1900 1092 atque
1943 1022 2220 1091 pai-voe,
2267 1000 2398 1069 hu-

244 1106 453 1176 moris
491 1104 692 1187 lenti,
736 1104 1095 1175 inficiendo
1130 1105 1419 1173 maxime
1468 1102 1710 1200 capillo
1743 1130 1760 1172 :
1805 1105 1922 1198 qui
1955 1118 2024 1174 et
2064 1105 2189 1198 ipsi
2225 1130 2400 1201 aqua

242 1212 509 1283 decocti
538 1209 1029 1281 manduntur¹⁰.

351 1320 641 1389 LXXII.
680 1306 1061 1411 (xxxvm.)
1094 1320 1357 1387 Humor
1390 1332 1459 1387 et
1490 1318 1724 1387 cortici
1758 1317 2078 1387 arborum
2105 1332 2238 1404 est,
2273 1321 2388 1414 qui

244 1426 517 1519 sanguis
562 1448 789 1493 earum
840 1422 1119 1518 intelligi
1170 1424 1401 1511 debet,
1445 1448 1584 1493 non
1621 1423 1796 1493 idern
1847 1424 2174 1495 omnibus,
2229 1428 2399 1495 Ficis

244 1529 571 1603 lacteus¹2
612 1532 769 1603 huic
805 1528 890 1599 ad
934 1554 1165 1615 caseos
1201 1530 1590 1626 figurandos
1611 1529 1632 1557 ²
1681 1530 1946 1626 coaguli
1981 1534 2104 1603 vis.
2137 1536 2400 1603 Cerasis

242 1746 303 1800 id
328 1745 456 1801 ruhi
486 1762 683 1817 genus,
732 1743 789 1797 in
819 1762 931 1817 quo
971 1762 1093 1799 rosa
1134 1744 1279 1797 nasci

245 1826 475 1891 dicitur,
508 1826 602 1878 lib.
635 1824 844 1889 XXIV,
870 1844 917 1879 c.
949 1823 1043 1894 73.
1073 1824 1280 1893 Cynos-

244 1908 415 1961 baton
464 1906 637 1971 hunc,
678 1904 773 1976 qui
811 1903 1003 1958 florem
1030 1922 1091 1957 sc
1122 1904 1279 1957 fruti·-

244 2005 363 2039 cem
386 2004 521 2040 msae
542 1984 793 2039 silvestris
814 1984 1067 2055 praebeat,
1082 1982 1279 2037 vidisse

248 2086 305 2121 se
326 2065 581 2119 Lohelius
600 2076 819 2117 testatur
840 2062 1049 2118 inAdv.
1062 2083 1119 2135 p.
1142 2066 1276 2126 446.

244 2144 892 2201 Ham—Sim’limdinem
910 2164 1049 2197 rosoe.
1060 2144 1179 2197 Hoc
1201 2155 1279 2197 est

246 2224 397 2299 quod
432 2224 833 2296 Theophrastus
874 2224 982 2290 ait,
1008 2223 1151 2277 Hist.
1176 2224 1273 2275 lib.

242 2306 363 2371 111,
392 2324 511 2377 cap.
540 2306 605 2358 18
622 2340 639 2367 ,
673 2304 1017 2375 Cynosbaton
1044 2303 1279 2357 fructum

244 2387 574 2441 subrubrum
596 2384 795 2437 habere
812 2384 1182 2455 ,παραπλήσιον
1202 2390 1275 2454 τῷ

245 2474 337 2527 τῆς
368 2462 542 2537 ῥόδου,
560 2484 669 2517 non
692 2477 753 2518 ut
770 2465 930 2536 vulgo
958 2464 1173 2535 legitur,
1187 2469 1277 2525 τῆς

244 2550 399 2619 ῥοιᾶς.
428 2547 631 2600 Dium.
674 2576 755 2589 --
798 2544 1111 2617 Cynosbaton
1136 2542 1277 2596 nihil

244 2625 399 2681 aliud
436 2644 547 2679 esse
572 2623 718 2695 apud
750 2625 999 2689 Graecos,
1039 2643 1116 2678 se.
1136 2620 1275 2693 Hip-

244 2718 525 2779 pocratem
538 2744 554 2771 ,
576 2704 941 2759 Dioscoridem
956 2743 973 2770 ‚
995 2716 1097 2758 etc.
1114 2722 1275 2775 quam

244 2788 429 2839 Rosam
472 2798 709 2837 nostram
750 2790 974 2839 cantuum
994 2824 1011 2851 ,
1057 2796 1280 2839 testatur

241 2865 609 2939 Sprengelius.
640 2864 746 2919 En.

329 2954 385 3011 4.
408 2944 613 2999 Idoeum.
635 2946 720 2998 Ab
743 2942 839 2999 Ida
866 2958 1077 3009 monte,
1092 2946 1149 2997 in
1166 2962 1276 3016 qno

239 3026 480 3081 nascitur
520 3026 787 3097 copiosius
816 3044 977 3098 quam
1004 3024 1159 3083 alibi,
1193 3024 1277 3076 in·

242 3107 369 3178 quit
398 3103 764 3168 Dioscorides,
786 3106 881 3159 lib.
899 3106 1005 3173 IV,
1028 3123 1147 3175 cap.
1182 3104 1279 3157 38.

244 3186 420 3241 Gallis
446 3185 780 3253 smmboi'sier.
828 3185 1079 3256 Pingitur
1102 3203 1133 3237 a
1163 3185 1276 3237 Do-

240 3266 469 3329 donno,
499 3282 624 3336 pag.
652 3264 983 3336 371.Hum.

330 3346 386 3399 5.
411 3346 460 3398 T
456 3348 623 3398 eunius
648 3361 735 3399 est.
766 3346 895 3399 Haec
919 3344 1121 3417 pariter
1140 3343 1277 3397 Dio·

242 3424 446 3483 seorid.
474 3426 513 3479 Ι.
535 3445 584 3479 e.
608 3426 793 3479 Huni.
874 3466 880 3475 .

332 3511 391 3561 6.
425 3506 544 3559 Flos
574 3507 693 3575 ejus.
725 3504 1023 3579 Dioscorid.
1054 3504 1157 3557 loc.
1183 3503 1275 3557 cit.

244 3586 319 3641 ad
328 3586 621 3641 oculorum
640 3584 1116 3639 inflammationem
1128 3580 1281 3637 adhi-

242 3670 357 3723 bet.
400 3664 581 3717 Hsltn.

334 3766 388 3817 7.
426 3746 501 3799 Et
548 3747 654 3814 igni
693 3765 850 3799 sacro.
892 3744 1278 3815 Subintellige,

246 3828 361 3899 igni
393 3844 543 3879 sucro
570 3822 837 3878 medendo
864 3825 1105 3879 illinitur.
1138 3826 1277 3895 Ery·

246 3906 469 3979 sipelata
492 3904 821 3974 restinguere
846 3904 1035 3959 dieitur
1053 3924 1084 3957 a
1101 3904 1279 3957 Dione.

1451 1747 1505 1798 8.
1545 1745 1734 1799 Contra
1755 1746 2007 1801 stomachi.
2037 1746 2398 1813 Dioscorides,

1366 1824 1488 1877 loco
1511 1824 1702 1891 citato,
1735 1836 1788 1878 et
1813 1826 2018 1879 Plinius
2043 1826 2269 1893 iterum,
2295 1828 2393 1880 lib.

1366 1904 1578 1970 xxlv,
1610 1922 1728 1976 esp.
1762 1904 1855 1958 25.
1883 1903 2072 1959 Hanno.

1450 2004 1508 2054 9.
1540 1982 1785 2037 Sambuci.
1821 1984 2176 2057 Theophrast.
2213 1987 2249 2039 l.
2281 1987 2364 2041 111
2377 2024 2396 2053 ,

1366 2081 1483 2135 cap.
1525 2063 1615 2118 13.
1656 2064 1836 2117 Habet
1863 2064 2050 2119 eadem
2093 2065 2269 2120 Diose.
2297 2066 2394 2121 lib.

1364 2143 1469 2209 IV,
1497 2162 1611 2215 mp.
1649 2142 1780 2215 ¹7⁵·
1807 2141 1991 2199 Ham.

1454 2242 1542 2279 ιο.
1556 2224 1708 2296 Aqua
1730 2224 1914 2277 decocti
1931 2226 2242 2279 manduntur.
2263 2226 2392 2279 Ole-

1363 2322 1489 2357 rum
1521 2322 1688 2357 more.
1713 2304 2016 2358 Dioscorid.
2045 2304 2228 2378 quide
2249 2325 2388 2359 sam-

1364 2382 1491 2436 huoi
1519 2398 1573 2437 et
1602 2384 1748 2438 ebuli
1774 2384 1915 2437 foliis
1949 2383 2008 2439 id
2037 2384 2219 2440 tradit.
2251 2387 2390 2441 Du..

1443 2464 1672 2518 LXXII.
1703 2483 1726 2519 ι
1739 2503 1752 2515 .
1781 2464 1976 2517 Humor
1991 2478 2041 2517 ee
2059 2468 2227 2519 cortici
2245 2466 2392 2519 arbo·

1364 2562 1469 2595 rum
1496 2556 1600 2607 est,
1635 2547 1722 2617 qui
1753 2549 1954 2615 sanguis
1991 2566 2155 2599 earum
2185 2548 2394 2617 intelligi

1362 2624 1505 2677 debet
1517 2664 1532 2689 ,
1557 2643 1653 2676 non
1671 2624 1796 2677 idem
1809 2626 2026 2679 omnibus
2039 2626 2176 2697 :ficis
2189 2628 2387 2680 lacteus.

1368 2704 1674 2757 Dictionem
1715 2708 1885 2757 cortica·
1928 2706 2225 2771 Pliniansm
2274 2726 2388 2760 non

1364 2782 1660 2849 credimus,
1696 2782 1846 2839 ducti
1866 2787 2042 2841 verbis
2073 2786 2390 2858 Theophra-

1366 2865 1464 2931 sti,
1490 2864 1587 2917 lib.
1606 2866 1656 2927 1,
1679 2884 1800 2937 cap.
1833 2884 1928 2935 19:
1947 2867 2260 2922 «Arborum
2273 2867 2392 2941 εἰη-

1364 2946 1514 3016 quit,
1540 2945 1778 3015 ipsarum
1811 2946 2010 2999 humor
2045 2947 2205 3001 variis
2226 2966 2391 3018 gene-

1362 3024 1516 3077 ribus
1557 3027 1918 3079 consummari
1959 3025 2172 3081 videtur
2211 3028 2392 3083 :alius

1366 3104 1510 3157 enim
1551 3123 1739 3159 succus
1779 3106 1951 3159 lacteo
1991 3106 2180 3159 similis
2201 3119 2393 3171 est,ut

1361 3182 1485 3249 fici,
1511 3184 1818 3255 papaveris,
1835 3197 1938 3239 etc.
1963 3212 1985 3231 ι
2013 3186 2174 3239 Pur-r.
2190 3215 2268 3227 --
2283 3188 2393 3239 Hu-

1364 3282 1469 3315 mor
1495 3275 1547 3315 et
1581 3266 1774 3329 cortici,
1812 3276 1918 3318 etc.
1939 3264 2219 3337 Theophr.
2252 3266 2390 3320 Hist.

1362 3342 1457 3395 lib.
1479 3342 1536 3409 1,
1563 3361 1684 3415 cap.
1707 3360 1770 3413 ¹9
1785 3382 1802 3409 ‚
1819 3356 1876 3397 et
1895 3342 2136 3416 ejusdem
2157 3344 2256 3399 lib.
2279 3344 2392 3409 tx,

1362 3440 1480 3494 cap.
1510 3440 1558 3477 ι.
1584 3424 1727 3477 Du..

1452 3523 1504 3557 2.
1536 3503 1631 3556 Ad
1663 3522 1823 3556 caseos
1836 3502 2147 3575 figurandos.
2183 3503 2396 3569 Varro,

1364 3580 1434 3636 de
1462 3583 1528 3635 R.
1559 3584 1627 3637 R.
1653 3582 1750 3637 lib.
1772 3584 1852 3647 11,
1895 3601 2011 3654 cap.
2047 3602 2070 3637 x
2089 3603 2138 3637 ι.
2167 3584 2394 3639 Caseum

1366 3681 1487 3717 eum
1509 3662 1730 3717 Veteres
1749 3663 1894 3715 ὀπίαν
1911 3700 1930 3728 ,
1951 3664 2052 3717 ἀπὸ
2073 3668 2158 3716 τοῦ
2179 3666 2321 3731 ὀποῦ,
2341 3677 2398 3718 et

1366 3738 1576 3813 κραδίαν
1591 3781 1606 3807 ,
1629 3743 1727 3797 ἀπὸ
1756 3748 1844 3805 τῆς
1861 3738 2078 3814 κράδης,
2100 3756 2161 3797 ut
2179 3744 2400 3817 exponit

1367 3822 1696 3893 Hesychius,
1716 3823 1812 3875 ὑπὸ
1841 3830 1924 3877 τοῦ
1943 3824 2063 3876 ὀποῦ
2092 3830 2180 3885 τῆς
2209 3822 2396 3897 κρᾶὧκ

1370 3903 1702 3973 πησσόμενοι
1744 3901 1908 3974 Apud
1936 3901 2255 3974 Euripidem
2293 3905 2398 3958 Po-

248 3984 595 4059 qnodeodem
605 3985 859 4054 pertinet,
874 3981 1283 4039 utalibidicturi
1371 3982 1657 4053 lyphemus
1700 4001 1819 4035 suas
1857 3981 2070 4037 divitias
2097 3996 2367 4039 ostentans
2385 4024 2399 4050 ,

250 4086 453 4121 sumus.
488 4064 674 4118 nino.

1372 4062 1678 4133 inquinat
1707 4066 1844 4134 τυρὸς
1878 4064 2024 4125 ὀπίας
2045 4063 2124 4124 tei
2141 4098 2158 4129 ,
2185 4063 2269 4117 καὶ
2289 4067 2400 4130 βοὸς

1993 4169 2135 4241 38²
