2984 5009
967 456 1282 523 LIBER
1337 456 1501 523 XV.

2150 454 2303 551 373

203 592 314 659 Cn.
351 588 640 681 Pompeii
681 606 766 655 m
815 584 1162 655 consulatu
1199 584 1419 670 oleum
1469 588 1833 681 provinciis
1878 588 2135 659 Italiam
2182 594 2297 659 mi·
2338 589 2345 601 '

201 696 358 763 sisse.
397 689 790 763 Hesiodus¹⁰
833 716 1098 787 quoque
1137 693 1204 759 in
1249 693 1476 785 primis
1518 691 1769 763 cultum
1812 718 2124 789 agrorum
2176 698 2303 766 do-

203 798 454 869 cendam
489 798 850 867 arbitratus
887 799 1095 866 vitam
1116 852 1138 885 ,
1175 800 1444 892 negavit
1483 798 1643 868 olm}
1679 814 1963 869 satorem
2014 801 2307 871 fructum

199 930 272 975 ex
299 930 368 975 ea
405 905 778 1001 percepisse
809 928 1208 999 quemquam
1237 929 1252 971 τ

1285 918 1422 973 tam
1458 905 1651 975 tarda
1677 919 1837 977 tunc
1876 931 1981 976 res
2022 922 2183 977 erat.
2220 916 2309 979 At

199 1036 356 1082 nunc
389 1013 594 1081 etiam
631 1012 701 1079 in
741 1008 1086 1105 plantariis
1107 1008 1152 1035 ¹¹
1181 1017 1442 1098 serunt,
1469 1009 2069 1107 translatarumque
2097 1014 2309 1085 altero

197 1142 352 1189 anno
373 1118 827 1211 decerpuntur
849 1116 1091 1187 baccae.

287 1228 370 1295 11.
427 1223 760 1293 Fabianus
821 1236 1022 1318 negat
1069 1224 1422 1319 provenire
1461 1225 1529 1293 in
1586 1223 2021 1319 frigidissimis
2062 1225 2272 1295 oleam
2286 1282 2305 1310 ‚
2348 1258 2372 1292 ι

193 1355 386 1425 neque
424 1332 496 1399 in
536 1328 964 1399 calidissimis.
1002 1332 1268 1399 Genera
1301 1354 1530 1399 earum
1569 1331 1689 1399 tria
1729 1329 1897 1400 dixit
1928 1331 2305 1426 Virgilius¹‚

196 1438 501 1519 orchites,
538 1450 608 1505 et
645 1435 864 1505 radios
882 1489 903 1523 ‚
943 1449 1013 1505 et
1059 1436 1364 1530 pausias:
1403 1459 1529 1505 nec
1572 1435 1947 1506 desiderare
1998 1434 2306 1520 rastro's²‚

197 1558 296 1613 aut
343 1527 606 1627 falces³‚
655 1540 941 1611 ullamve
993 1565 1242 1615 curam.
1285 1543 1441 1611 Sine
1486 1540 1692 1611 dubio
1734 1558 1803 1612 et
1860 1545 1929 1612 in
1972 1545 2049 1613 iis
2094 1542 2307 1615 solum

199 1652 500 1735 maxime,
543 1646 907 1743 caelumque
975 1648 1195 1719 refert.
1259 1650 1741 1718 Verumtamen
1805 1664 1872 1718 et
1922 1651 2309 1733 tondentur,

195 1780 378 1853 quum
427 1769 500 1825 et
536 1756 707 1824 vites
749 1780 764 1822 :
806 1770 1006 1849 atque
1049 1756 1246 1824 etiam
1293 1742 1647 1824 interradi⁴
1690 1754 2001 1853 gaudent.
2052 1760 2303 1827 Conse·
2348 1794 2377 1827 2

195 1975 242 2010 se
285 1959 498 2023 ferunt,
550 1969 768 2029 quartus
793 1998 809 2021 ‚
853 1975 1010 2030 quem
1041 1975 1198 2009 num·

197 2054 335 2109 quam
363 2036 546 2111 gessit.
579 2036 762 2091 Banu.

267 2136 346 2171 ro.
361 2118 626 2169 Hesiodus.
649 2116 702 2167 N
703 2135 808 2169 unc
829 2134 1042 2169 carmen
1064 2111 1199 2168 illud

195 2195 464 2251 intercidit.
495 2198 681 2249 Hxnn.

265 2294 349 2333 τι.
379 2277 443 2329 In
463 2275 748 2348 plantariis.
778 2276 912 2341 Quo
949 2287 1004 2327 et
1039 2272 1198 2327 semi-

193 2356 324 2409 naria
343 2369 624 2421 voantur,
647 2356 730 2407 des
743 2358 1027 2425 pepim'eres,
1053 2354 1200 2426 plan·

195 2448 352 2489 tarum
367 2436 543 2497 locus,
563 2433 728 2499 unde,
748 2453 915 2505 quum
939 2453 1076 2505 opus
1096 2446 1195 2496 est,

193 2516 583 2569 transferuntur.
615 2514 796 2569 nun.
827 2545 909 2556 ——
937 2514 1017 2567 Dc
1058 2514 1200 2566 olea·

193 2612 298 2647 mm
316 2594 591 2667 plantariis
604 2634 620 2659 ,
638 2593 944 2665 generibus,
962 2592 1166 2646 cultura
1183 2631 1199 2658 ,

193 2686 280 2729 etc.
311 2672 436 2727 vide
471 2691 591 2745 qno
633 2672 768 2725 dixit
807 2672 890 2725 Cl.
930 2671 1202 2725 Ger-ardus

193 2748 322 2813 (not.
353 2744 524 2821 ined.)
542 2792 559 2817 ,
582 2752 890 2815 Excurs.11,
907 2750 976 2804 ad
1002 2752 1199 2805 calcem

193 2832 334 2902 hujus
363 2834 514 2886 libri.
543 2832 653 2885 En.

259 2914 328 2965 11.
369 2931 421 2966 ι.
457 2910 719 2980 Virgilius.
751 2910 945 2981 Georg.
977 2910 1074 2963 lib.
1116 2910 1202 2977 Π,

193 3010 235 3043 v.
263 2992 332 3045 85
360 3010 376 3045 :
413 3018 440 3039 ι
475 2992 590 3044 Nec
619 2990 838 3062 pingues
860 3008 1018 3042 unam
1046 2990 1103 3042 in
1127 2990 1203 3042 fa·

193 3072 311 3124 ciem
333 3082 631 3125 nascuntur
647 3071 825 3135 olirae,
849 3068 1096 3122 Orchites
1111 3108 1128 3133 ,
1152 3082 1203 3123 et

191 3150 340 3219 radii,
365 3164 420 3205 et
439 3168 618 3203 amara
633 3150 812 3221 pausia
827 3148 1005 3201 bacca.
1033 3174 1055 3195 ι·
1091 3148 1203 3201 Ubi

197 3230 402 3284 Oreades
441 3230 598 3283 MSS.
645 3230 932 3293 exhibent,
972 3226 1118 3299 quod
1149 3240 1203 3281 et

193 3311 432 3364 carminis
458 3310 594 3362 ratio
615 3309 806 3380 poscit.
825 3308 895 3360 Et
920 3306 1065 3379 apud
1089 3307 1204 3360 Ma·

191 3391 428 3444 crobium
456 3387 699 3461 quidem,
731 3388 940 3441 Saturn.
978 3386 1072 3440 lib.
1115 3387 1204 3456 11,

191 3488 297 3545 cap.
321 3474 426 3535 16,
457 3488 513 3541 p.
537 3468 678 3538 739.
701 3468 866 3520 -Olea
885 3466 1103 3533 orcha,
1125 3485 1206 3519 ra-

189 3548 298 3603 dius
311 3588 328 3617 ,
345 3548 532 3623 pausia
551 3572 574 3594 n
589 3546 802 3617 legitur.
821 3544 1014 3601 Caeteri
1030 3559 1204 3600 tamen

191 3629 493 3701 scriptores,
517 3644 750 3701 quorum
772 3645 882 3679 non
909 3636 985 3679 est
1011 3624 1205 3679 carmi·

191 3708 266 3761 nis
279 3708 489 3779 legibus
499 3705 742 3761 adstricta
757 3704 928 3758 oratio
938 3743 954 3770 ,
974 3705 1207 3759 orchitin

192 3800 392 3842 vocant.
427 3787 608 3839 Varro
650 3784 719 3838 de
751 3786 816 3838 L.
853 3786 918 3837 L.
950 3784 1046 3838 lib.
1086 3785 1206 3850 1V,

191 3884 299 3939 pag.
326 3870 420 3921 28.
441 3866 584 3919 Fest.
612 3865 686 3917 in.
715 3864 927 3937 Fragm.
957 3882 1078 3936 pag.
1099 3864 1203 3919 30:

200 3972 220 3991 ·
250 3946 503 4001 Orebitin
543 3945 750 3997 Atteius
793 3943 1103 4015 Philologus
1150 3944 1206 3997 in

194 4026 520 4080 collectaneis
537 4062 554 4091 ,
582 4024 657 4077 ait
693 4042 802 4077 esse
835 4041 1001 4097 genus
1039 4024 1167 4076 oleae
1191 4062 1208 4091 ,

196 4102 402 4159 ductum
431 4124 498 4159 ex
527 4120 700 4175 groco
733 4104 888 4174 ὄρχεις
906 4140 924 4167 ,
961 4101 1107 4175 quod
1132 4116 1212 4157 te-

1283 1956 1593 2011 sticulorum
1618 1958 1687 2012 sit
1708 1956 2113 2029 magnitudinis:
2132 1958 2314 2031 itaque

1285 2036 1464 2091 vocari
1495 2056 1559 2089 ex
1586 2056 1650 2089 eo
1674 2037 1923 2091 orchitin.
1946 2062 1969 2084 n
2005 2037 2229 2104 Orobis,
2258 2052 2311 2092 et

1285 2115 1490 2179 radius,
1520 2117 1735 2171 Colum.
1754 2118 1935 2179 lib.V‚
1962 2134 2080 2187 cap.
2101 2120 2133 2171 8
2151 2154 2169 2181 ,
2184 2137 2306 2189 pag.

1294 2212 1316 2246 ι
1327 2200 1424 2263 94.
1438 2195 1722 2270 Virgilius,
1748 2195 1953 2249 Plinius
1966 2233 1984 2260 ,
1998 2196 2193 2267 aliique
2206 2236 2222 2262 ,
2238 2200 2309 2251 ab

1285 2274 1426 2327 oliva
1438 2314 1454 2337 ,
1486 2277 1637 2347 cujus
1652 2274 1897 2332 orchitis.
1918 2288 1971 2328 et
1989 2274 2157 2340 radii,
2174 2294 2307 2347 pau·

1287 2354 1480 2426 sinque
1526 2356 1747 2427 propria
1786 2354 2070 2426 appellatio
2096 2369 2173 2408 est
2193 2394 2211 2421 ,
2241 2355 2307 2409 ad

1284 2431 1593 2487 eorumdem
1634 2453 1889 2507 generum
1936 2435 2153 2506 stirpem
2195 2434 2308 2490 sin-

1285 2514 1407 2585 gula
1432 2514 1546 2567 hoc
1578 2514 1797 2567 nomina
1820 2514 2138 2567 transtulere
2162 2532 2176 2567 :
2207 2534 2307 2569 nec

1285 2594 1456 2647 oleam
1485 2606 1661 2667 tamen
1686 2593 1799 2657 illi,
1825 2606 1886 2645 ut
1911 2593 2082 2647 visum
2110 2606 2187 2647 est
2203 2613 2303 2646 no-

1284 2673 1418 2725 vitio
1447 2671 1725 2745 scriptori,
1768 2692 1869 2745 pro
1918 2673 2059 2726 oliva
2105 2670 2309 2729 dixere.

1285 2750 1422 2805 Nam
1475 2753 1593 2820 quis
1636 2752 1807 2805 oleam
1855 2771 1965 2805 non
2009 2750 2309 2807 desiderare

1285 2844 1483 2891 rastros
1508 2850 1671 2899 quum
1704 2830 1921 2895 audiat,
1969 2829 2037 2885 de
2068 2833 2211 2887 oliva
2248 2831 2307 2885 id

1288 2910 1395 2965 dici
1412 2949 1430 2977 ,
1454 2910 1555 2964 nisi
1577 2909 1803 2976 bardus,
1831 2910 2127 2965 existimet?
2158 2913 2229 2965 H.

1372 3010 1424 3044 α.
1452 2993 1670 3045 Rastros.
1695 2990 1845 3045 Idem
1874 2990 2070 3063 Georg.
2102 2991 2196 3045 lib.
2222 2993 2309 3057 11,

1287 3088 1339 3123 v.
1375 3076 1487 3134 4²0
1535 3088 1550 3124 ε
1612 3096 1635 3119 ι
1680 3073 1907 3135 Contra,
1954 3090 2064 3124 non
2095 3072 2203 3124 nlla
2230 3085 2311 3125 est

1287 3148 1418 3203 oleis
1439 3150 1647 3204 cultura
1680 3170 1693 3201 ε
1722 3168 1896 3222 neque
1936 3149 2041 3203 illo
2080 3150 2311 3203 Procur-

1288 3247 1406 3281 vam
1441 3241 1746 3301 exspectant
1780 3230 1997 3295 falcem,
2014 3242 2313 3301 rastrosque

1287 3320 1517 3373 tenaces,
1525 3309 1707 3374 Quum
1716 3307 1875 3361 semel
1884 3308 2147 3361 hosen-unt
2158 3310 2315 3373 arvis,

1287 3406 1547 3458 aurasque
1571 3387 1826 3441 tulerunt.
1838 3388 1961 3457 Ipsa
1984 3387 2110 3440 satis.
2127 3388 2313 3453 tellus,

1292 3479 1391 3521 etc.
1425 3492 1447 3513 ι·
1481 3468 1665 3520 Hum.

1374 3547 1426 3601 3.
1443 3546 1635 3599 Falce-r.
1661 3546 1759 3601 Gr.
1780 3558 1835 3599 et
1858 3544 1943 3601 Al.
1955 3545 2154 3611 salam.
2180 3546 2285 3599 En.

1375 3632 1429 3690 4.
1463 3626 1724 3678 Inter-radi.
1756 3622 2021 3681 Interradi
2051 3622 2314 3681 dicuntur

1292 3706 1509 3760 arbores
1530 3744 1549 3769 ,
1572 3703 1785 3777 quando
1830 3702 1965 3759 rami
2009 3704 2315 3761 intermedii

1291 3784 1637 3840 succiduntur
1656 3825 1673 3850 ,
1711 3784 1965 3857 quoniam
1986 3782 2218 3839 densitas
2235 3786 2317 3839 of-

1294 3865 1407 3919 ficit
1435 3884 1448 3919 ε
1472 3861 1703 3935 ideoque
1725 3864 2013 3917 laxioribus
2029 3863 2317 3923 intervallis

1295 3941 1532 3999 serendas
1572 3957 1696 3998 sunt
1742 3945 1972 3997 arbores.
2020 3943 2163 3997 Vide
2200 3964 2319 4015 quae

1297 4022 1493 4078 dicturi
1518 4042 1701 4077 sumus
1738 4024 1835 4077 lib.
1880 4024 2207 4094 xvl1‚cap.
2230 4026 2321 4077 30.

1301 4104 1442 4157 Usus
1468 4122 1529 4157 ea
1562 4122 1691 4157 voce
1719 4103 2021 4158 Columella
2043 4143 2058 4167 ,
2113 4104 2208 4157 lib.
2250 4101 2323 4159 (le

1902 4196 2038 4297 24³
