2984 5009
928 483 1253 557 LIBER
1312 488 1525 559 xvl.

2172 486 2318 590 507

186 622 405 705 terim,
450 642 595 715 quae
638 619 839 691 abieti
878 618 1329 716 pulcherrima
1348 672 1368 709 ,
1410 622 1616 715 piceae
1655 618 1742 689 ad
1764 616 1812 679 3²
1851 620 2088 693 fissiles
2127 644 2324 693 scan-

182 726 397 814 dulm,
430 748 769 823 cupasque
788 774 809 813 ,
844 741 915 797 et
952 752 1167 821 pauca
1198 726 1327 797 alia
1364 740 1761 797 seeameuta.
1919 738 1924 741 '

278 838 467 905 XIX.
512 836 773 925 Quinto
824 836 1052 931 generi
1096 836 1259 905 situs
1303 832 1516 923 idem,
1557 832 1790 905 eadem
1829 833 2030 905 facies
2077 860 2095 905 ε

2151 834 2320 907 larix
2365 856 2390 891 1

181 940 505 1011 vocatur-¹.
566 943 883 1011 Materies
940 942 1365 1037 praestantior
1420 938 1620 1037 louge
1640 992 1660 1029 ,
1711 941 2104 1062 incorrupta
2151 942 2298 1013 vis’
2301 998 2322 1034 ,

184 1052 345 1118 mori
388 1062 801 1119 contumax:
841 1048 1091 1118 rubens
1124 1062 1485 1181 praeterea,
1531 1063 1600 1118 et
1635 1047 1846 1118 odore
1885 1052 2125 1119 acrior.
2171 1048 2325 1121 Plu-

182 1154 427 1225 sculum
467 1156 627 1225 huic
668 1158 965 1251 erumpit
998 1140 1339 1251 liquoris³,
1369 1154 1608 1225 melleo
1647 1155 1903 1242 colore,
1944 1171 2144 1252 atque
2173 1156 2322 1227 len-

178 1251 367 1332 tiore⁴
369 1286 783 1394 ‚numquam
816 1263 1251 1333 durescentis.
1280 1265 1559 1333 Sextum
1601 1286 1811 1359 genus
1849 1277 1951 1334 est
1981 1264 2135 1334 teda
2166 1290 2323 1386 pro·
2365 1296 2394 1331 2

178 1370 310 1464 prie
354 1318 577 1441 dicta⁵
580 1422 601 1456 ‚
657 1368 1109 1441 abundantior
1162 1394 1367 1441 succo
1409 1394 1612 1465 quam
1667 1369 1962 1465 reliqua,
2017 1373 2324 1467 parciore

178 1461 670 1573 liquidioreque⁶
698 1500 901 1573 quam
927 1478 997 1545 in
1024 1479 1239 1573 picea,
1264 1476 1553 1547 flammis
1587 1500 1666 1547 ac
1694 1474 1965 1546 lumini⁷
1983 1502 2324 1549 sacrorum

252 1674 342 1711 υ.
372 1656 539 1708 Piceoe
581 1653 669 1710 ad.
712 1654 887 1709 Piceo
916 1654 1163 1710 materies
1182 1693 1200 1721 ,

177 1736 338 1808 inquit
360 1770 379 1798 ‚
437 1735 637 1790 idonea
685 1748 893 1789 tantum
948 1732 1199 1809 parandis

177 1816 435 1874 scandulis
454 1814 704 1869 fissilibus
720 1854 737 1881 ,
779 1815 1068 1887 cupisque,
1094 1815 1202 1868 hoc

176 1908 272 1963 est,
302 1896 444 1951 vasis
473 1896 719 1962 vinariis,
755 1894 981 1968 aliisque
1004 1896 1201 1950 sectili·

176 1976 264 2030 bus
284 1976 541 2049 operibus
565 1977 766 2047 paucis.
798 1972 983 2029 Hsnn.

246 2058 401 2111 XIX.
439 2076 465 2111 1
478 2096 492 2110 .
542 2058 699 2110 Larix
741 2066 964 2108 vocatur.
1002 2054 1201 2109 Iisdem

174 2134 273 2191 fere
298 2137 486 2192 verbis
511 2155 541 2189 a
566 2136 819 2189 Vitruvio
845 2133 1201 2203 describitur,

175 2217 259 2270 lib.
299 2219 391 2277 11,
442 2234 561 2289 cap.
602 2236 675 2287 9,
716 2234 838 2287 pag.
876 2216 971 2269 35.
1018 2215 1201 2269 Theo·

175 2298 383 2369 phrasto
428 2299 609 2354 πιὺκη.
655 2295 762 2349 Sed
800 2294 1044 2348 nondum
1084 2296 1201 2349 hac

173 2378 321 2431 arbor
380 2377 439 2430 iu
498 2377 629 2431 certi
686 2376 909 2447 alicujus
965 2376 1200 2429 nominis

174 2458 339 2527 gallici
404 2458 795 2530 possessionem
842 2454 995 2507 venit
1043 2471 1059 2508 τ
1099 2456 1199 2509 etsi

175 2537 359 2591 eruditi
396 2534 501 2589 viri
551 2554 668 2589 eam
708 2554 819 2589 esse
858 2536 1198 2600 existimant,

174 2634 320 2689 quam
362 2617 541 2669 meleu
580 2618 773 2688 vulgus
812 2615 1044 2687 appellat
1070 2632 1087 2667 ε
1112 2632 1199 2669 res

172 2698 515 2751 nihilominus
560 2698 723 2750 habet
770 2692 1198 2760 dubitationem,

173 2790 225 2831 ut
276 2778 536 2850 pluribus
590 2777 914 2849 argumentis
967 2776 1198 2829 inferius

172 2856 670 2912 demonstrabimus.
699 2856 919 2909 Melesia
947 2873 1009 2908 ea
1028 2874 1198 2929 porro

172 2940 220 2991 in
246 2938 581 3009 Delphinum
606 2950 663 2991 et
690 2936 918 3009 Alpibus
930 2936 1195 3007 frequens.

173 3018 301 3073 Vide
330 3018 458 3072 Nic.
511 3017 800 3082 Cunnum,
848 3014 985 3070 Hist.
1013 3016 1109 3069 lib.
1136 3018 1196 3082 1,

172 3116 284 3171 pag.
310 3098 410 3169 57.
430 3096 484 3151 A
500 3096 779 3151 Dodonaeo
800 3096 1062 3169 pingitur,
1076 3113 1197 3169 pag.

172 3180 299 3234 856.
322 3178 635 3232 IL-—Pe’mes
660 3176 777 3230 sine
798 3175 965 3229 dubio
994 3188 1071 3229 est
1095 3178 1199 3228 La-

170 3265 434 3332 anquam
457 3276 558 3311 nos
574 3254 803 3310 dicimus
824 3258 869 3309 le
886 3257 1074 3310 mdkze.
1088 3256 1191 3309 En.

244 3359 295 3394 2.
332 3338 451 3391 Vis.
472 3338 593 3391 MS.
622 3356 728 3391 usu.
766 3338 872 3390 Eu.

242 3420 295 3474 3.
316 3419 603 3471 Plusculum
618 3457 632 3472 .
656 3456 669 3469 .
691 3458 706 3471 .
729 3418 948 3490 liquoris.
968 3416 1195 3470 Resinae.

170 3498 291 3553 Eam
315 3517 441 3570 quoe
472 3516 537 3551 ex
568 3496 767 3550 melesii-5
786 3508 994 3561 manat,
1022 3496 1197 3550 offici·

170 3598 248 3633 me
296 3596 403 3651 pro
462 3578 820 3632 terebinthina
870 3576 1149 3630 venditant
1177 3594 1194 3629 :

167 3658 435 3715 interdum
475 3658 633 3712 etiam
662 3676 767 3729 pro
794 3658 1068 3728 benjuino.
1094 3658 1165 3710 Η.

244 3748 295 3806 4.
332 3739 575 3792 landon.
610 3738 725 3792 MS.
758 3742 1033 3792 recentiore.
1076 3738 1197 3792 Dal.

169 3819 397 3873 lentior-is.
418 3820 522 3872 En.

244 3902 295 3954 5.
328 3898 530 3952 Sestum
558 3916 713 3969 gemes
746 3910 820 3951 est
856 3898 966 3949 teda
996 3901 1195 3969 propr-ie

168 3980 311 4032 dicta.
354 3980 501 4033 Male
552 3980 688 4033 haec.
726 3976 872 4032 vide
910 3979 1192 4049 Theophr.

170 4060 294 4114 Hist.
324 4060 422 4113 lib.
457 4060 574 4123 111,
618 4078 739 4132 cap.
778 4078 867 4113 ια.
898 4058 1064 4112 Tedae
1094 4076 1196 4111 no-

171 4158 285 4194 men
301 4142 587 4210 πολύσημον
606 4152 703 4195 est.
728 4140 889 4195 Nunc
912 4140 1055 4192 enim
1080 4138 1196 4211 pini

1289 1654 1590 1709 resinosum
1623 1667 1677 1709 et
1703 1654 1907 1728 pingue
1930 1656 2137 1727 lignum
2165 1656 2329 1729 signi·

1288 1734 1415 1788 fleat
1432 1776 1449 1799 ,
1505 1736 1594 1794 τὴν
1639 1731 1788 1806 δᾷδα
1812 1776 1829 1800 ,
1891 1734 2038 1808 quod
2093 1736 2326 1793 lucerna

1290 1812 1594 1869 candelam
1616 1815 1737 1869 loco
1760 1816 1937 1869 uritur
1963 1834 1978 1869 :
2003 1834 2148 1869 nunc
2174 1819 2329 1870 arbo-

1288 1912 1403 1948 rem
1434 1895 1518 1947 sui
1563 1894 1799 1967 generis,
1851 1896 2095 1967 ignotam
2145 1896 2326 1950 Theo-

1286 1974 1539 2046 phrast0,
1556 1994 1718 2045 quam
1743 1975 1954 2029 Camhro
1977 1988 2174 2029 vocant
2199 1977 2324 2029 Tri-

1290 2054 1529 2121 dentini,
1557 2056 1872 2128 Allobroges
1896 2056 2079 2109 Aaou.
2094 2056 2234 2110 Du..
2243 2090 2326 2101 -—

1290 2132 1435 2188 Vide
1487 2134 1650 2189 Salm.
1697 2152 1846 2208 pag.
1864 2135 1992 2190 505.
2043 2165 2124 2177 --·
2166 2137 2325 2189 Pinus

1286 2216 1540 2277 silvestr-121,
1585 2216 1790 2269 Cenabo-o
1826 2206 1994 2287 (quod
2020 2233 2219 2270 nomen
2251 2216 2321 2270 ab

1288 2294 1437 2349 Italis
1461 2296 1698 2367 accepit,
1723 2309 1776 2349 et
1797 2296 2104 2348 etiamnunc
2125 2288 2322 2363 servat)

1287 2393 1318 2427 a
1360 2374 1646 2430 Matthiolo
1685 2376 2011 2447 appellatur,
2055 2374 2150 2449 qui
2203 2394 2320 2429 eam

1288 2466 1343 2507 et
1370 2456 1485 2528 ipse
1515 2468 1757 2523 accurate
1783 2454 2016 2509 delineat
2048 2450 2105 2507 in
2137 2456 2320 2511 Diosc.

1286 2532 1383 2589 lib.
1406 2536 1457 2599 1,
1495 2554 1615 2607 pag.
1652 2540 1779 2589 106.
1805 2536 1875 2588 H.
1901 2566 1982 2579 --
2010 2533 2169 2588 Pinus
2200 2556 2322 2589 cem·

1288 2615 1389 2668 bra.
1420 2614 1720 2669 Habitat-in
1753 2616 1996 2687 Alpibus.
2011 2616 2116 2669 En.

1372 2698 1425 2748 6.
1454 2697 1690 2748 Parcior-e
1733 2696 2093 2769 liquidior-eque.
2131 2694 2221 2748 Sic
2251 2714 2319 2749 ex

1285 2774 1439 2829 MSS.
1476 2792 1582 2829 em.
1623 2775 1788 2829 Hard.
1817 2794 1964 2829 cons.
1999 2776 2101 2828 Ch.
2121 2779 2324 2847 parcior

1287 2855 1605 2929 liquidiorque
1629 2856 1728 2910 Gr.
1756 2868 1810 2909 et
1833 2856 1916 2907 Al:
1945 2856 2052 2908 En.

1369 2952 1423 3007 7.
1464 2938 1662 2990 Lumini
1691 2956 1934 2989 sacrm-um
1970 2938 2115 2987 etiam
2149 2944 2318 3005 grata.

1284 3014 1422 3069 Inde
1446 3017 1690 3089 lustrales
1715 3016 1881 3082 faces,
1911 3034 2042 3087 quas
2067 3015 2322 3069 Claudia·

1284 3114 1390 3149 nus
1400 3097 1484 3148 'VI
1513 3097 1674 3151 Cous.
1703 3096 1932 3149 Honorii
1957 3095 2212 3150 describit
2232 3096 2320 3149 lu-

1284 3176 1554 3242 culenter,
1582 3194 1636 3229 v.
1669 3176 1780 3240 234
1811 3193 1824 3229 ε
1868 3196 1890 3220 ι
1916 3174 2212 3230 Lustralem
2245 3177 2320 3229 sic
2373 3234 2382 3242 .

1285 3255 1435 3309 triste
1482 3256 1653 3309 facem
1670 3293 1686 3319 ‚
1734 3255 1824 3308 cui
1865 3256 2048 3307 lumen
2082 3254 2316 3308 odorum

1284 3334 1556 3407 Sulphure
1585 3334 1847 3401 oaeruleo,
1876 3334 2143 3405 nigroque
2172 3336 2318 3387 bitu·

1285 3415 1429 3468 mine
1455 3415 1656 3480 fumat,
1695 3415 1918 3469 Circum
1949 3413 2188 3467 membra
2223 3432 2316 3467 ro·

1284 3507 1363 3549 tat
1385 3534 1401 3561 ,
1442 3494 1637 3548 doctus
1690 3492 1966 3566 purganda
2026 3492 2267 3548 sacerdos
2295 3533 2313 3561 ,

1284 3576 1433 3629 Rore
1452 3574 1548 3648 pio
1564 3592 1814 3647 spargens
1831 3613 1847 3643 ,
1872 3586 1926 3627 et
1947 3572 2062 3626 dira
2085 3572 2318 3645 fuganti-

1284 3656 1386 3710 bus
1405 3656 1589 3709 herbis
1611 3654 1852 3708 Numina
1867 3692 1885 3721 ,
1911 3652 2312 3727 terrificumque

1284 3737 1473 3791 Jovem
1502 3774 1520 3801 ,
1581 3736 1927 3807 Triviamque
2003 3744 2251 3806 precatus
2293 3772 2312 3801 ‚

1280 3817 1452 3870 Trans
1486 3828 1648 3886 caput
1678 3816 1873 3869 aversis
1895 3814 2144 3868 manibus
2160 3816 2314 3888 jacu-

1281 3897 1423 3951 latur
1446 3897 1505 3949 in
1533 3898 1819 3961 Austrum,
1849 3897 2040 3950 Secum
2067 3908 2314 3967 rapturas

1281 3989 1487 4032 cantata
1527 3977 1740 4047 piacula
1789 3974 1952 4029 ted-s.
1986 3999 2010 4022 ι
2045 3972 2312 4028 Ovidius:

1285 4080 1307 4101 ι
1325 4058 1473 4111 Uror
1495 4070 1556 4109 ut
1590 4056 1819 4110 inducto
1849 4068 2028 4110 cerato
2057 4055 2314 4127 sulphure

1286 4136 1444 4191 tedae.
1470 4166 1496 4186 „
1527 4137 1670 4191 Vide
1703 4155 1826 4209 quse
1860 4146 2044 4189 notata
2067 4147 2188 4188 sunt
2215 4134 2310 4188 lib.
