2984 5009
538 438 684 509 662
1264 444 1825 515 EXCURSUS
1881 446 1979 512 11.

546 587 704 645 atque
731 574 845 626 haec
887 574 1068 627 omnia
1102 576 1289 647 utique
1324 576 1468 629 circa
1499 577 1700 629 Oxeam
1736 576 1977 647 Campen
2015 588 2070 629 et
2111 570 2396 627 Boedriam
2434 573 2655 644 reperiri
2683 592 2697 625 ι
2811 592 2816 597 ’

533 654 749 706 *habere
782 654 923 707 enim
958 672 1169 707 amnem
1198 672 1323 708 eum
1354 658 1461 709 vim
1501 658 1781 709 maximam
1811 653 1880 707 ad
1921 652 2252 708 arundinum
2281 651 2692 706 commendatio·

549 750 673 786 nem
700 750 717 784 ε
744 736 927 787 Φύεται
958 730 1017 787 δὲ
1054 722 1291 797 πλεῖστος.
1315 736 1403 806 μὲν
1436 738 1625 804 μεταξύ
1671 742 1756 790 τοῦ
1787 742 2010 805 Κηφισοῦ
2038 738 2123 787 καὶ
2149 741 2235 787 τοῦ
2277 734 2508 793 Μέλανος
2531 755 2545 767 ·
2569 726 2698 793 οὗτος

550 810 611 866 δὲ
638 817 663 866 6
695 815 846 874 τόπος
874 816 1297 885 προσαγορεύεται
1316 819 1611 871 Πελειιανία..
1640 819 1826 870 Τούτου
1859 816 1990 869 ἐστὶν
2025 809 2163 867 ἄττα.
2189 815 2372 885 Χύτροι
2398 814 2704 882 καλούμενοι,

554 893 860 964 βαθύσματα
886 899 973 955 τῆς
1003 895 1206 965 λίμνης,
1240 898 1289 950 ἂν
1313 888 1383 959 οἷς
1418 897 1645 958 κάλλιςόν
1669 916 1788 965 φασι
1808 937 1821 949 .
1837 934 1851 949 .
1868 936 1880 948 .
1924 896 2203 957 Κάλλιστος
2237 888 2300 947 δὲ
2326 890 2466 946 δοκεῖ
2485 891 2705 961 γίνεσθαι

552 972 753 1026 πάντων
781 974 893 1045 περὶ
927 976 1017 1032 τὴν
1048 965 1226 1039 ὀξεῖαν
1251 978 1554 1047 καλουμένην
1577 976 1821 1046 Kapan-viv.
1848 965 1894 1028 ὁ
1920 971 1978 1028 δὲ
2004 976 2158 1036 τόπος
2192 966 2329 1033 οὗτός
2357 974 2492 1026 ἐστιν
2521 970 2703 1041 ἐμΰολὴ

554 1058 639 1106 τοῦ
668 1059 907 1123 Κηφισοῦ.
925 1094 939 1107 .
956 1094 971 1107 .
1000 1058 1069 1108 Τὸ
1100 1051 1161 1108 δὲ
1193 1056 1298 1108 ὅλον
1331 1050 1383 1109 οὗ
1412 1056 1470 1109 ἂν
1495 1052 1528 1123 ᾗ
1559 1057 1810 1127 βαθύγειον
1842 1056 1926 1110 καὶ
1953 1056 2132 1124 εὔγειον
2160 1054 2334 1125 χωρίον
2370 1052 2458 1106 καὶ
2474 1048 2709 1113 ἰλυῶδες,

550 1133 636 1185 καὶ
660 1136 683 1185 6
722 1135 941 1203 Κηφισὸς
964 1134 1294 1207 ἀναμίγνυται
1310 1175 1325 1200 ,
1350 1136 1441 1191 καὶ
1468 1138 1590 1206 πρὸς
1619 1138 1808 1197 τούτοις
1835 1136 2072 1205 βάθυσμοι
2099 1140 2187 1195 τῆς
2208 1134 2382 1205 λίμνης
2399 1171 2416 1197 .,
2443 1132 2700 1185 κάλλιστον

552 1213 774 1284 γίνεσθαι
819 1214 1041 1285 κάλαμον
1063 1238 1075 1251 ·
1099 1216 1209 1287 περὶ
1237 1216 1332 1287 γάρ
1375 1216 1467 1273 τὴν
1497 1212 1744 1287 Βοηδρίαν
1795 1221 1962 1268 ταῦτα
2006 1214 2182 1267 πάντα.
2209 1215 2456 1281 ὑπάρχει·
2487 1214 2565 1265 ὅτι
2595 1208 2654 1264 δὲ
2679 1214 2702 1263 6

556 1294 776 1362 Κηφισὸς
809 1301 1028 1364 μεγάλην
1054 1295 1156 1363 ἔχει
1182 1296 1336 1365 ῥοπὴν
1364 1297 1430 1357 εἰς
1460 1298 1518 1349 τὸ
1543 1298 1701 1349 ποιεῖν
1734 1296 1881 1348 καλὸν
1925 1294 2151 1364 κάλαμον
2169 1331 2187 1358 ‚
2213 1305 2314 1347 etc.
2346 1292 2562 1357 Quibus
2589 1310 2704 1343 ver·

554 1372 637 1425 bis
663 1372 783 1443 quis
807 1391 919 1425 uon
945 1374 1226 1445 intelligit,
1252 1374 1678 1429 laudatissimum
1712 1376 1980 1429 calumum
2005 1373 2246 1427 tibialem
2271 1390 2383 1427 non
2411 1390 2478 1423 ex
2506 1390 2572 1423 eo
2591 1370 2707 1426 loco

554 1452 683 1504 oriri
710 1452 1147 1524 Theophrastum
1178 1455 1341 1521 velle,
1370 1457 1464 1526 qui
1490 1455 1766 1509 Pelecania
1795 1466 2082 1508 vocaretur
2107 1472 2118 1505 :
2145 1451 2238 1505 sed
2262 1452 2322 1505 in
2349 1451 2468 1504 aliis
2486 1450 2709 1521 quibus·

560 1529 685 1585 dam
712 1532 842 1585 locis
874 1531 1161 1606 pinguibus
1191 1553 1253 1588 ac
1287 1536 1423 1588 laetis
1443 1570 1460 1598 ‚
1492 1537 1590 1589 ubi
1615 1554 1672 1588 se
1707 1534 1996 1606 Cephissus
2031 1532 2204 1587 amnis
2232 1532 2594 1593 immisceret,
2621 1542 2708 1582 aut

561 1609 656 1663 ubi
686 1613 883 1665 ostium
916 1613 1161 1684 Cephissi
1195 1614 1372 1669 soret?
1398 1634 1499 1669 nec
1529 1615 1861 1668 Pelecaniam
1893 1613 2074 1666 vocari
2099 1612 2280 1664 locum
2313 1611 2563 1663 lacumve
2589 1628 2706 1663 eum

562 1708 671 1762 quo
696 1692 983 1763 cephissus
1014 1694 1189 1747 amnis
1214 1694 1461 1749 influeret
1484 1714 1500 1747 :
1525 1694 1620 1748 sed
1651 1695 1852 1749 Oxeam
1883 1694 2124 1763 Campen
2139 1728 2156 1756 ,
2190 1702 2246 1745 et
2271 1688 2558 1743 Boedriam
2577 1728 2592 1754 ,
2619 1707 2709 1742 au-

562 1782 712 1823 ctore
746 1772 1127 1844 Theophrasto
1152 1795 1166 1825 :
1194 1787 1247 1827 et
1274 1787 1470 1846 praeter
1503 1774 1628 1829 istas
1653 1773 2071 1846 appellationes,
2095 1770 2204 1824 alio
2245 1770 2481 1823 fortassis
2513 1769 2674 1821 latere
2693 1807 2708 1832 ,

561 1850 740 1903 Plinio
766 1864 1015 1917 auctore,
1042 1852 1331 1908 Lebaidam
1353 1854 1378 1908 i·
1418 1854 1579 1908 Mitto
1602 1872 1664 1908 ea
1689 1870 2138 1915 commemorare,
2172 1868 2291 1921 quae
2333 1848 2622 1901 Salmasius
2647 1866 2710 1900 eo

558 1930 665 1981 loci
690 1932 933 2001 congerit
962 1930 1032 1985 de
1058 1952 1189 1986 voce
1218 1935 1484 1988 πελεκανίσ
1501 1973 1516 1999 ,
1545 1953 1706 2006 quam
1735 1935 1788 1986 in
1827 1932 2094 1985 πολικανία.
2123 1940 2417 2001 commutat
2438 1945 2454 1980 :
2474 1942 2636 1999 atque
2653 1939 2709 1979 ut

558 2012 674 2080 ejus
700 2011 849 2064 verbi
878 2012 987 2065 vim
1016 2013 1423 2085 interpretetur,
1454 2014 1612 2085 graeci
1642 2013 1920 2085 scriptoris
1945 2010 2111 2065 verba
2149 2010 2572 2079 sententiamque
2599 2026 2710 2078 per·

559 2089 719 2142 vertit
745 2108 759 2141 =
782 2090 937 2145 mitto
964 2110 1053 2158 ea,
1079 2094 1329 2165 inquam,
1350 2106 1403 2147 et
1424 2094 1669 2165 negligo,
1701 2091 1851 2164 quod
1876 2088 2278 2163 properandum
2308 2090 2376 2141 sit
2395 2086 2465 2140 ad
2489 2089 2706 2158 majora.

560 2168 656 2223 Est
684 2170 833 2223 enim
862 2189 1040 2243 operae
1073 2176 1309 2245 pretium
1340 2174 1431 2227 hic
1467 2174 1646 2228 obiter
1686 2169 2146 2236 animadvertere,
2197 2188 2354 2242 quam
2383 2168 2618 2237 eleganti
2659 2178 2708 2218 et

560 2249 772 2303 concisa
808 2251 1065 2306 brevitate
1099 2253 1305 2306 Plinius
1348 2254 1752 2325 perstrinxerit,
1801 2248 2065 2324 quidquid
2119 2248 2188 2302 de
2230 2250 2494 2301 Veterum
2539 2246 2682 2299 tibiis
2699 2284 2712 2305 ,

561 2325 631 2380 de
678 2347 861 2383 earum
907 2334 1127 2386 materia
1144 2372 1159 2397 ,
1209 2333 1411 2400 forma,
1446 2352 1576 2399 usu,
1607 2346 1698 2387 aut
1740 2333 1878 2386 scitu
1919 2327 2220 2403 jucundum
2239 2368 2256 2393 ‚
2289 2340 2384 2381 aut
2429 2346 2458 2377 a
2512 2326 2715 2379 ceteris

566 2409 921 2480 scriptoribus
951 2413 1155 2483 pariter
1196 2424 1275 2467 est
1306 2414 1580 2467 memorie
1630 2410 1908 2485 proditum
1934 2410 2295 2481 :uberiusque
2325 2424 2478 2459 nune
2519 2406 2714 2458 versari

566 2487 624 2540 in
666 2507 731 2541 eo
769 2506 1110 2560 argumento,
1156 2492 1302 2563 quod
1347 2494 1405 2545 in
1442 2493 1716 2565 prioribus
1755 2492 1937 2554 Notis,
1985 2509 2090 2561 pro
2144 2488 2374 2542 instituti
2415 2486 2680 2539 brevitate
2699 2524 2712 2545 ,

564 2586 725 2638 quam
758 2570 991 2623 maxime
1037 2574 1345 2644 sequimur,
1370 2573 1563 2626 leviter
1601 2570 1766 2625 modo
1797 2569 2166 2624 delibavimus.

640 2648 779 2702 Nam
804 2649 954 2721 quod
985 2650 1054 2705 ad
1079 2654 1355 2706 materiam
1386 2652 1624 2724 primum
1659 2652 1875 2715 attinet,
1909 2650 2068 2703 fuisse
2095 2666 2212 2701 eam
2237 2645 2592 2715 multiplicem
2617 2644 2714 2697 do·

562 2740 687 2780 cet:
720 2754 745 2777 ι
765 2729 925 2784 Nunc
949 2733 1203 2785 sacrifica
1222 2768 1239 2796 ,
1282 2733 1487 2804 inquit,
1519 2734 1821 2785 Tuscorum
1854 2749 1885 2783 e
1923 2730 2070 2782 buxo
2098 2746 2112 2779 :
2143 2726 2368 2779 ludicro
2407 2742 2538 2777 vero
2573 2724 2715 2787 loto,

563 2807 769 2862 ossibus
794 2810 1037 2876 asininis,
1066 2826 1122 2866 et
1151 2824 1369 2884 argento
1403 2812 1562 2865 fiunt.
1587 2837 1610 2859 ι
1647 2812 1792 2864 Fieri
1824 2823 1877 2862 et
1905 2828 1972 2863 ex
2008 2825 2171 2874 sum,
2196 2805 2501 2869 orichalco,
2529 2822 2714 2857 cervo·

564 2906 686 2939 rum
704 2926 721 2953 ,
750 2889 1128 2962 asinorumque
1168 2893 1416 2945 cruribus
1444 2892 1800 2945 Philostratus
1827 2888 2082 2942 admonet
2100 2928 2114 2950 ‚
2156 2885 2224 2939 de
2253 2886 2364 2938 vita
2401 2884 2591 2953 Apoll.
2615 2883 2709 2935 lib.

563 2967 635 3032 V,
664 2986 781 3038 cap.
814 2986 868 3038 7,
892 2988 1015 3039 pag.
1048 2972 1161 3024 ²²8
1185 2988 1199 3023 :
1219 2976 1413 3041 Χρυσοῦ
1452 2992 1505 3023 τε
1533 2972 1618 3025 καὶ
1659 2972 1967 3041 ὀρειχάλκου,
2015 2968 2101 3020 καὶ
2129 2966 2316 3035 ἐλάφων
2343 2964 2554 3033 κνήμης.
2577 3003 2590 3014 .
2621 3003 2634 3014 .
2673 2965 2712 3013 οἱ

566 3040 627 3099 δὲ
650 3047 735 3100 καὶ
770 3048 907 3101 ὄνων.
945 3050 1074 3102 Jull.
1119 3049 1256 3104 Poll.
1286 3051 1382 3104 lib.
1418 3051 1522 3115 lv,
1553 3069 1668 3122 cap.
1707 3068 1770 3119 9,
1793 3049 1876 3103 tit.
1913 3052 1947 3101 6
1974 3066 1986 3101 :
2011 3039 2058 3101 n
2083 3043 2142 3099 ὃὸ
2179 3045 2266 3101 ὕλη
2289 3051 2390 3096 τῶν
2415 3044 2574 3094 αὐλῶν
2627 3043 2714 3093 κά-

559 3132 718 3197 λαμος
736 3166 753 3191 2
782 3128 816 3186 ἦ
841 3129 1057 3197 waste,
1088 3131 1122 3187 ἢ
1147 3132 1302 3193 λωτὸς
1318 3170 1333 3193 ,
1376 3132 1409 3188 ἢ
1448 3132 1633 3196 πύξος,
1657 3130 1692 3186 ἢ
1724 3132 1867 3199 κε’ρας
1885 3166 1902 3193 ,
1929 3129 1963 3185 ἢ
2005 3128 2177 3180 ὀστοῦν
2219 3126 2394 3191 ἐλάφου
2413 3164 2428 3186 ,
2459 3122 2494 3179 ἢ
2523 3116 2710 3189 δάφνης

566 3213 655 3267 τῆς
695 3208 861 3279 χάμαι
896 3209 1035 3272 ξύλου
1075 3208 1258 3272 κλάδος
1277 3248 1294 3275 ,
1334 3212 1420 3268 τὴν
1444 3211 1724 3281 ἐντεριώνην
1755 3210 2086 3279 ἀφῃρημένος.
2113 3218 2214 3258 etc.
2241 3203 2426 3256 Fuisse
2452 3200 2714 3271 significat

564 3304 629 3337 ex
654 3289 867 3341 calamo
882 3327 899 3355 ,
928 3308 1063 3357 aare,
1088 3292 1203 3345 loto
1219 3330 1236 3356 ,
1258 3292 1403 3344 buxo
1424 3328 1441 3355 ,
1458 3306 1659 3356 cornu,
1689 3306 1804 3343 osse
1828 3288 2049 3341 cervino
2069 3324 2083 3345 ,
2105 3286 2251 3356 ligno
2271 3281 2714 3351 chamaedaphnes

564 3380 809 3436 exempta
848 3368 1085 3423 medulla
1104 3402 1120 3429 2
1148 3384 1251 3425 etc.
1279 3372 1325 3424 E
1351 3371 1498 3423 buxo
1524 3366 1748 3442 quidem
1793 3368 1850 3420 in
1885 3368 2046 3421 sacris
2074 3364 2339 3419 adhibitas
2378 3378 2492 3415 esse
2526 3360 2712 3419 tibias,

564 3464 679 3498 non
714 3446 915 3502 Plinius
942 3449 1134 3516 mode,
1158 3448 1251 3504 sed
1279 3464 1333 3503 et
1360 3451 1556 3527 Sjntius
1581 3461 1768 3504 auctor
1798 3461 1904 3513 est,
1945 3446 2120 3499 Theb.
2151 3444 2247 3497 lib.
2275 3444 2376 3506 IV,
2409 3458 2549 3494 vers.
2595 3448 2665 3507 ⁴9
2695 3456 2708 3490 :

570 3550 592 3571 ιι
615 3525 797 3590 Quum
843 3546 989 3583 sacra
1023 3543 1247 3594 vocant,
1294 3529 1546 3602 Idaeaque
1582 3526 1768 3583 suadet
1799 3529 2004 3579 Buxus.
2025 3552 2047 3573 -
2079 3533 2256 3595 Atque
2285 3542 2346 3576 ea
2372 3521 2506 3574 tibia
2541 3521 2708 3589 ἰλυμος

558 3608 868 3660 vocabatur.
910 3609 1131 3675 Pollux,
1178 3610 1275 3663 lib.
1311 3612 1414 3674 IV,
1448 3630 1564 3681 cap.
1621 3628 1716 3675 ιο,
1767 3608 1864 3660 ubi
1895 3607 2039 3659 varia
2069 3605 2322 3659 tibiarum
2361 3618 2554 3672 geum
2585 3616 2712 3651 enu-

560 3678 1008 3759 merntzmupoc,
1044 3692 1133 3747 τὴν
1164 3692 1265 3762 μὲν
1310 3692 1459 3754 ὕλην,
1507 3690 1700 3753 πύξινος
1725 3710 1738 3723 ·
1775 3692 1832 3741 τὸ
1859 3684 1917 3740 δὲ
1953 3686 2173 3756 ιῦρημα,
2215 3688 2434 3753 Φρυγῶν.
2477 3679 2628 3731 Alias
2657 3679 2710 3729 3¹¹

564 3768 729 3819 sacris
752 3786 817 3821 ex
846 3770 1007 3823 ebore
1032 3771 1137 3836 suit
1158 3790 1171 3822 ε
1204 3770 1396 3841 Virgil.
1424 3770 1624 3841 Georg.
1645 3770 1739 3822 lib.
1760 3770 1815 3821 11
1833 3786 1848 3818 ε
1868 3765 2122 3818 «ῙηΗονίῐ
2147 3780 2320 3835 quum
2343 3760 2558 3832 pinguis
2581 3758 2714 3811 ebur

564 3846 880 3915 Tyrrhenus
924 3848 989 3902 ad
1030 3870 1161 3904 aras.
1190 3876 1212 3897 a
1251 3852 1369 3903 Hoc
1410 3863 1516 3916 est,
1563 3848 1760 3903 tibicen
1777 3886 1792 3911 ‚
1832 3847 1924 3919 qui
1972 3847 2029 3899 iu
2074 3844 2234 3897 sacris
2280 3841 2466 3894 tibiam
2513 3837 2713 3891 inflavit

560 3928 870 3982 eburneam.
904 3930 949 3982 E
975 3930 1087 3982 loto
1114 3948 1242 3983 vero
1260 3968 1277 3993 ‚
1320 3944 1518 4002 praeter
1545 3930 1780 3983 Plinium
1809 3940 1861 3981 et
1902 3926 2220 3978 Athenaeum
2243 3960 2258 3986 ,
2288 3938 2448 3992 quem
2477 3920 2534 3970 in
2563 3917 2708 3989 prio·

564 4007 714 4062 ribus
742 4008 899 4062 Notis
938 4008 1006 4063 ad
1034 4009 1178 4063 hunc
1206 4011 1412 4075 locum,
1440 4023 1491 4063 et
1519 4010 1793 4063 Pollucem
1810 4048 1824 4072 ,
1854 4026 2014 4077 quem
2049 4004 2292 4075 proxime
2311 3999 2712 4072 appellavimus·

564 4086 853 4161 prodidere
884 4089 1001 4153 alii,
1040 4108 1176 4160 quos
1213 4092 1524 4155 retulimus,
1555 4090 1651 4143 lib.
1687 4088 1850 4155 xm,
1899 4106 2017 4157 cap.
2058 4082 2152 4139 32.
2203 4080 2309 4137 Sed
2363 4078 2710 4134 vetustissima
