2984 5009
1037 445 1351 513 LIBER
1404 444 1608 512 XVI.

2259 443 2392 515 601

240 578 602 661 corticem,
643 600 683 645 a
718 576 959 647 bruma
1004 574 1089 645 ad
1128 578 1552 646 Favonium:
1601 591 1718 647 aut
1762 574 1814 645 s'i
1867 579 2238 672 praevenire
2287 604 2402 647 co-

238 706 509 779 gamur,
546 684 811 755 Arcturi
840 668 1125 753 occasu⁵
1130 698 1246 769 ‚et
1276 698 1431 753 ante
1474 708 1626 753 eum
1657 682 2013 753 Fidiculae:
2045 686 2404 755 novissima

238 792 535 875 ratione,
578 789 879 861 solstitio,
916 792 1077 861 Dies
1110 789 1401 860 siderum
1430 790 1674 860 horum
1711 790 2028 860 reddetur
2064 816 2186 861 suo
2229 791 2400 861 loco.

240 895 475 992 Vulgo
510 883 703 967 satis⁶
740 912 985 993 putant
1020 896 1415 982 observare,
1454 922 1540 967 ne
1575 922 1708 992 qua
1752 896 2163 968 dedolanda⁷
2205 900 2408 969 arbos
2445 936 2473 970 2

240 1017 585 1075 sternatur
642 1020 797 1075 ante
840 1004 1053 1075 editos
1096 1030 1255 1075 suos
1296 1004 1576 1075 fructus.
1621 1004 1860 1074 Robur
1899 990 2082 1073 vere⁸
2124 1029 2366 1079 caesum
2385 1059 2405 1092 ‚

238 1110 611 1181 teredinem
672 1114 929 1181 sentit:
977 1110 1215 1181 bruma
1262 1126 1533 1200 autem,
1585 1136 1804 1207 neque
1857 1111 2112 1183 viatur⁹
2115 1138 2404 1209 ‚neque

238 1360 459 1415 Plinius
496 1362 791 1434 τετράγωνα,
824 1368 961 1433 tigna
1010 1360 1279 1428 reddidit,

238 1454 295 1495 et
322 1444 617 1497 Arcturum
640 1479 657 1508 ,
686 1460 883 1514 nempe
932 1442 1155 1497 Arcturi
1189 1462 1275 1499 οι·

236 1532 357 1577 tum
370 1561 387 1587 ,
400 1522 499 1593 qui
515 1521 579 1577 fit
604 1521 782 1595 pridie
798 1521 921 1579 idus
942 1524 1279 1617 septembris,

236 1604 355 1675 ejus
387 1620 635 1655 oceasum
661 1602 949 1669 intellexit,
977 1604 1069 1675 qui
1090 1602 1151 1656 fit
1164 1605 1279 1675 pri-

236 1680 331 1735 die
364 1679 489 1735 idus
516 1682 695 1736 martii
717 1722 733 1748 ,
754 1695 878 1739 unte
901 1682 1050 1755 quod
1070 1697 1279 1756 tempus

236 1760 485 1817 Fidicula
510 1760 707 1817 occidit
721 1802 739 1827 ,
762 1782 959 1836 nempe
975 1762 1152 1835 pridie
1178 1782 1277 1817 uo-

235 1860 337 1897 nns
356 1842 619 1897 februarii
648 1862 661 1897 ε
687 1856 742 1897 et
773 1843 1041 1899 Favonius
1080 1844 1246 1917 spirat
1263 1884 1279 1909 ,

234 1940 441 1993 nempe
466 1923 681 1976 circiter
696 1935 900 1978 sextum
931 1922 1051 1977 idus
1072 1924 1281 1979 februa-

234 2004 329 2057 rii.
356 2004 567 2057 Duae.
587 2035 665 2045 —
687 2004 869 2073 Tigna.
888 2005 959 2057 Et
976 2003 1080 2057 alia
1098 2006 1279 2075 hujus-

235 2081 423 2148 modi,
446 2100 566 2153 qun
584 2080 833 2155 quadrari
858 2081 1057 2137 debent
1069 2085 1280 2155 ,-·rsrpei

234 2182 414 2235 γυνα,
432 2162 798 2234 Theophrast.
822 2164 1009 2217 Hann-

326 2242 383 2297 5.
424 2243 636 2295 Arcturi
684 2262 873 2297 occasu.
920 2243 1277 2315 Theophrast-

237 2322 377 2395 μετὰ
408 2325 647 2395 τρυγητὸν
686 2322 771 2377 καὶ
822 2314 1113 2393 Ᾰρκτσῦρον.
1152 2324 1279 2376 Post

234 2402 577 2457 vindemiam
603 2416 657 2457 et
678 2403 895 2457 Arcturi
917 2421 1197 2465 occasum,
1221 2417 1281 2457 ut

234 2497 389 2539 recte
410 2482 619 2537 Plinius
646 2483 803 2551 etiam
831 2482 1004 2538 dixit:
1025 2502 1135 2537 non
1157 2497 1281 2553 post

236 2564 465 2617 Arcturi
483 2576 661 2617 ortum
684 2599 701 2627 ‚
722 2575 779 2617 ut
799 2563 1189 2634 Dalecampius.
1207 2562 1277 2617 H.

236 2645 475 2698 -Brot.
494 2660 557 2697 ex
576 2642 857 2717 Theophr.
878 2640 1279 2697 emendandum

234 2736 435 2797 putat,
460 2726 669 2777 Arcem·
691 2736 816 2777 orm.
842 2724 945 2777 En.

329 2809 387 2859 6.
424 2803 484 2857 V
474 2805 590 2873 algo
610 2806 747 2857 satie.
780 2802 1139 2875 Theophrast.
1174 2804 1279 2858 loc.

236 2884 334 2939 cit.
363 2892 507 2947 Ολυς
526 2878 587 2937 δὲ
601 2888 701 2936 πᾶν
728 2884 889 2955 πρὸς’
874 2884 1013 2951 ισχυν
1042 2884 1281 2954 ὡραιότα-

237 2984 359 3027 τον,
384 2966 437 3017 οὐ
465 2965 611 3035 μόνον
634 2966 955 3035 πεπαυμένον
975 2967 1067 3024 τῆς
1090 2964 1279 3028 βλαςή-

239 3064 403 3110 σιος,
438 3044 543 3097 ἀλλ’
570 3045 646 3099 ἔτι
664 3047 849 3115 μᾶλλον
878 3046 1119 3097 tanente
1098 3064 1173 3097 νον
1198 3066 1279 3099 τον

238 3126 455 3195 καρπόν.
490 3151 515 3173 e
538 3124 715 3179 Omne
734 3122 883 3195 quod
904 3120 1143 3177 validum
1168 3143 1281 3177 esse

240 3202 439 3269 debet,
468 3204 835 3279 tempestivius
881 3202 1139 3267 caditur,
1170 3224 1281 3257 non

239 3286 417 3337 solum
462 3303 633 3356 quum
676 3284 977 3357 germinare
1020 3242 1277 3349 desierit,

240 3383 437 3419 verum
473 3364 634 3419 etiam
675 3383 843 3435 quum
889 3364 1119 3419 fructum
1154 3383 1278 3434 per·

239 3446 511 3501 coxerit.-
546 3446 731 3499 Hau).

327 3544 381 3597 7.
406 3526 487 3579 Ne
510 3544 609 3597 qua
626 3524 919 3579 dedolanda.
938 3524 1027 3577 Sic
1045 3542 1107 3576 ex
1122 3523 1279 3577 MSS.

240 3604 411 3661 Hasd.
437 3605 609 3661 Grou.
632 3620 685 3662 et
702 3605 787 3658 Al.
826 3631 849 3653 ι
873 3622 940 3659 ne
966 3622 1088 3675 quo
1110 3602 1277 3657 dedo-

240 3684 417 3739 landa·
445 3686 667 3739 arbores
692 3697 1016 3738 sternantur.
1039 3710 1063 3731 a·
1090 3683 1197 3736 En.

326 3770 385 3821 8.
400 3766 571 3819 Robur
594 3786 710 3819 vem
728 3784 920 3831 cusum,
944 3776 1048 3819 etc.
1068 3790 1090 3813 n
1108 3764 1279 3829 Quer-

241 3864 337 3901 cus
362 3844 607 3917 profecto
644 3863 775 3899 casn
800 3843 1113 3916 tempestive
1127 3881 1144 3906 ,
1176 3860 1277 3899 uec

244 3936 431 3999 putret
452 3966 468 3991 ,
494 3938 597 3979 nec
622 3924 897 3979 vermibus
928 3922 1195 3988 ereditur,
1224 3936 1279 3977 et

242 4025 417 4061 cornu
436 4007 603 4061 instar
629 4004 765 4061 dura
791 4003 1061 4077 spissaquc
1079 4017 1279 4069 manet,

246 4100 361 4141 tota
389 4087 535 4141 enim
563 4084 715 4140 cordi
748 4084 933 4139 similis
957 4097 1036 4137 est
1064 4104 1078 4136 :
1100 4098 1153 4137 at
1180 4084 1277 4136 ha-

1370 1362 1622 1433 liphioeos
1635 1360 1796 1415 etism
1811 1374 1921 1414 tum
1937 1361 2058 1415 vilis
2073 1375 2126 1415 et
2137 1358 2393 1418 inutilis.-

1366 1442 1724 1514 Theophrast.
1767 1428 2232 1513 Negligcntissime
2259 1444 2398 1497 Pliu.

1366 1522 1482 1577 hoec
1508 1523 1686 1577 vertit.
1710 1522 1956 1595 Suberque
1984 1542 2085 1593 pro
2107 1523 2399 1593 haliphloeo

1368 1603 1597 1675 scripsit.
1622 1606 1759 1657 Du..
1784 1634 1864 1645 —
1885 1601 2053 1655 Robur
2071 1622 2199 1655 vere..
2219 1602 2399 1657 Theo·

1366 1684 1616 1756 plu-ustus
1635 1723 1650 1748 ,
1693 1687 1814 1753 Δρῦς
1853 1679 1913 1738 ὃὸ
1947 1682 2254 1753 ὀψιαίτατα,
2297 1696 2398 1736 etc.
2445 1725 2457 1738 .

1367 1764 1590 1828 Robur,
1621 1764 1832 1835 inquit,
1878 1764 2140 1817 serissime
2189 1760 2402 1817 ceden-

1367 1842 1501 1895 dum
1519 1884 1535 1907 ,
1554 1843 1733 1899 hieme
1746 1854 1870 1915 post
1889 1856 2233 1897 autumnum:
2251 1842 2400 1914 quod

1366 1922 1409 1975 si
1431 1922 1656 1975 caeditur
1670 1962 1685 1987 ,
1713 1920 1844 1974 dum
1875 1922 2128 1993 turgescit
2145 1920 2230 1985 (id
2251 1921 2400 1995 quod

1364 2000 1483 2054 fieri
1515 2022 1682 2055 verno
1717 2013 1960 2073 tempore
1981 2003 2264 2056 Vitruvius
2287 2022 2401 2055 mo·

1364 2095 1459 2135 net
1478 2114 1497 2141 ‚
1526 2083 1622 2135 lib.
1647 2082 1732 2147 11,
1756 2100 1874 2153 cup.
1909 2101 1976 2151 9,
2003 2101 2123 2153 pag.
2157 2074 2298 2152 32),
2328 2084 2401 2136 ci·

1367 2162 1568 2215 tissime
1591 2162 1836 2215 omnium
1859 2162 1970 2215 sere
1993 2163 2371 2234 computrescit
2389 2204 2403 2225 ,

1366 2242 1604 2301 σήπιται.
1638 2241 1822 2295 «Vere
1843 2240 2016 2307 enim,
2054 2242 2231 2313 inquit
2257 2242 2398 2295 Vitr.

1366 2342 1552 2375 omues
1578 2322 1795 2375 arbores
1823 2321 1962 2375 fiunt
1975 2336 2402 2393 pregnantesmt

1365 2422 1554 2457 omues
1597 2420 1706 2455 sun
1753 2402 2098 2474 proprietatis
2142 2402 2398 2457 virtutem

1364 2484 1600 2537 efferunt
1627 2481 1684 2535 in
1711 2480 1960 2547 frondes,
1987 2482 2399 2535 anniversarios·

1365 2582 1471 2633 que
1500 2563 1724 2616 fructus.
1749 2562 1934 2627 Quum
1957 2561 2120 2633 igitur
2147 2564 2332 2617 inanes
2345 2576 2402 2617 et

1362 2640 1604 2697 humido
1631 2656 1938 2713 temporum
1961 2643 2272 2699 necessitate
2291 2642 2401 2697 fue·

1362 2724 1504 2789 rint,
1525 2741 1674 2777 vano
1697 2723 1864 2783 fiunt,
1893 2738 1947 2778 et
1971 2723 2280 2777 raritatibus
2303 2723 2402 2778 im-

1362 2804 1600 2859 becilles.
1628 2804 1722 2856 Uti
1753 2804 1910 2857 etism
1947 2820 2180 2874 corpora
2207 2803 2400 2856 mulie-

1362 2885 1479 2938 bris
1509 2903 1678 2956 quum
1713 2883 2098 2957 conceperint,
2133 2903 2166 2937 u
2185 2884 2298 2937 fetu
2329 2881 2400 2937 nd

1364 2972 1582 3035 partum
1631 2983 1742 3016 non
1789 2964 2100 3035 judicantur
2143 2965 2398 3035 integra·

1363 3062 1540 3117 neque
1579 3044 1636 3095 iu
1683 3045 1962 3099 venalibus
2003 3062 2066 3097 ea
2109 3062 2230 3116 quoe
2275 3057 2400 3097 sunt

1354 3124 1735 3194 pregnantia,
1753 3118 2073 3195 prestantur
2103 3141 2258 3177 sana:
2275 3122 2402 3177 ideo

1364 3202 1556 3276 quod'
1541 3222 1598 3255 m
1623 3221 1852 3272 corpore
1874 3202 2268 3273 praeseminatio
2289 3222 2400 3257 cre-

1362 3302 1515 3337 scens
1527 3321 1544 3345 ,
1561 3300 1628 3335 ex
1643 3283 1900 3336 omnibus
1917 3282 2024 3337 cibi
2047 3283 2412 3352 potestatibus

1362 3362 1600 3417 detrahit
1637 3362 1954 3417 alimentum
2003 3360 2059 3416 in
2087 3380 2142 3417 se
2169 3380 2184 3415 :
2209 3374 2264 3415 et
2289 3380 2400 3433 quo

1308 3442 1574 3496 firmior
1619 3442 1854 3497 efficitur
1897 3440 1966 3495 ud
2033 3442 2396 3495 {intui-itatem

1366 3535 1586 3595 partus,
1610 3541 1674 3575 eo
1700 3523 1877 3577 miuus
1901 3522 2104 3594 petitur
2136 3539 2246 3575 esse
2273 3521 2399 3575 soli-

1367 3603 1501 3657 dum
1515 3642 1532 3669 ,
1559 3601 1615 3655 id
1645 3603 1824 3674 ipsum
1847 3620 1916 3655 ex
1933 3621 2047 3673 quo
2066 3615 2400 3674 procreatur,

1366 3697 1466 3737 etc.
1490 3710 1514 3731 ι
1549 3684 1736 3735 Haun-

1448 3783 1506 3833 9.
1553 3762 1726 3835 Neque
1753 3765 1932 3815 viatur.
1963 3762 2042 3814 Ita
2072 3761 2224 3815 MSS.
2266 3764 2394 3832 Reg.

1365 3844 1431 3896 In
1458 3842 1643 3897 chiffl.
1669 3846 1896 3897 vitiatur.
1937 3842 2124 3913 Neque
2153 3841 2394 3913 putredi-

1363 3942 1489 3977 nem
1514 3923 1712 3977 sentire
1727 3940 1932 3994 ,neque
1955 3922 2226 3977 vermibus
2246 3921 2396 3980 erodi

1366 4005 1538 4057 robur
1556 4004 1748 4056 bruma
1763 4022 1956 4057 caesum
1975 4000 2110 4057 dixit
2120 4002 2396 4076 Theophr.

1364 4084 1468 4137 loc.
1511 4081 1600 4137 cit.
1625 4085 1808 4137 Han.
