2984 5009
710 455 861 554 394
1250 455 1989 525 C.PL1N11NAT
2047 457 2310 525 ulsT.

702 590 1016 681 rimaeque
1052 586 1287 658 absint.
1331 587 1516 676 Quin
1543 605 1614 659 et
1647 573 1900 659 lutum⁵
1933 587 2260 710 parietum
2291 611 2380 657 ae
2427 589 2736 674 tectoria,
2765 604 2818 658 et

704 695 1083 788 pavimenta
1093 679 1536 764 ⁶horreorum
1559 695 1912 784 frumeuti,
1939 693 2362 764 vestiarium⁷
2369 695 2586 764 θείω
2615 710 2818 765 eoum

704 799 1065 886 teredines,
1119 824 1199 869 ac
1250 802 1449 870 noxia
1495 801 1839 890 animalia,
1887 825 2162 872 amurca
2215 801 2540 930 aspergi.
2591 803 2820 870 semina

702 906 971 1002 frugum
1006 906 1373 1002 perfundi·
1414 909 1668 978 morbis
1707 893 2284 1005 quadrupedumffi
2323 907 2648 976 arborum
2675 931 2818 1003 quo-

700 1037 831 1107 que
862 1012 974 1082 illa
1012 1012 1455 1101 medendum,
1480 1015 1738 1087 efficaci
1781 1015 1866 1086 ad
1906 1013 2182 1085 hulcera
2217 1015 2538 1084 interiora
2572 1014 2818 1083 humani

700 1144 967 1215 quoque
994 1117 1164 1192 oris⁹
1168 1173 1185 1188 .
1218 1121 1450 1190 Lora¹⁰
1464 1123 1664 1192 etiam
1701 1146 1782 1192 ac
1817 1121 2000 1192 coria
2033 1123 2288 1208 omnia,
2319 1135 2390 1190 et
2425 1119 2818 1204 calciamina,

700 1251 985 1322 axesque
1009 1279 1028 1312 ‚
1074 1227 1351 1298 decocta
1394 1230 1558 1324 ungi
1581 1283 1600 1316 ‚
1637 1243 1836 1324 atque
1871 1226 2268 1300 aramenta¹
2276 1225 2570 1297 'eontra
2605 1227 2818 1320 aerugi-

701 1358 891 1420 nem,
918 1332 1291 1428 colorisque
1313 1337 1528 1429 gratia
1545 1335 2005 1456 elegantioris:
2037 1349 2106 1405 et
2133 1349 2343 1405 totam
2367 1331 2818 1428 supellectiiem

700 1439 1017 1536 ligneam,
1049 1463 1128 1510 ac
1161 1463 1321 1510 vasa
1354 1440 1626 1512 fictilia
1607 1467 1676 1510 ιιι
1703 1445 1888 1538 queis
1917 1439 2181 1512 ficum¹²
2219 1439 2472 1510 aridam
2513 1438 2708 1508 libeat
2735 1463 2818 1508 as-

700 1693 889 1756 laeerboe,
918 1710 1029 1745 nou
1052 1695 1217 1758 rimoe,
1243 1711 1307 1745 ex
1338 1693 1577 1758 Catone,
1604 1713 1726 1766 cap.

698 1791 809 1826 xct.
834 1768 1079 1837 (Locum
1104 1770 1227 1826 vide
1259 1790 1377 1844 sup.
1408 1786 1528 1827 not.
1565 1769 1726 1835 3.)—

699 1853 961 1926 Ra‘moeque.
990 1851 1069 1905 Ita
1114 1853 1272 1907 MSS.
1300 1871 1437 1924 quos
1460 1852 1725 1918 vidimus,

696 1951 881 1986 omnes
904 1949 919 1986 τ
974 1951 1149 2004 neque
1194 1933 1351 1985 heria
1394 1933 1586 2005 reponi
1623 1951 1726 2004 pro

698 2016 834 2065 re‘moe
876 2013 1048 2083 placet
1067 2051 1084 2077 ,
1132 2013 1229 2065 etsi
1276 2013 1447 2066 visum
1484 2014 1559 2066 ita
1599 2013 1728 2066 Pin-

696 2093 871 2146 tiano.
896 2093 1085 2145 Ηιιιι).

784 2171 838 2226 5.
888 2173 1023 2242 Quin
1054 2183 1103 2224 et
1154 2173 1323 2227 lutum.
1356 2172 1477 2226 Neu
1523 2172 1727 2227 scilicet

696 2252 966 2306 frumento
1018 2253 1255 2306 curculio
1306 2265 1499 2306 noceat
1526 2293 1542 2318 ,
1588 2270 1725 2307 neve

696 2349 879 2385 mures
905 2343 1154 2402 tangant,
1198 2343 1259 2385 ut
1290 2333 1365 2384 ait
1400 2335 1570 2398 Cato,
1606 2351 1726 2406 cap.

699 2428 809 2464 xen
823 2449 838 2475 ,
857 2428 977 2482 pag.
1008 2411 1099 2470 55,
1128 2425 1286 2484 atque
1309 2425 1369 2465 ut
1392 2413 1724 2466 frumentum

694 2489 825 2543 inde
850 2489 1065 2544 densius
1104 2509 1165 2545 ae
1216 2490 1438 2545 solidius
1476 2492 1568 2545 fiat
1595 2531 1612 2557 ,
1666 2506 1727 2546 ut

698 2583 887 2624 auctor
912 2572 1159 2642 Geopon.
1190 2572 1290 2626 lib.
1338 2573 1425 2638 Π,
1468 2591 1586 2642 cap.
1626 2571 1726 2636 25,

694 2667 754 2720 p.
789 2650 893 2716 65,
920 2651 1006 2703 καὶ
1040 2653 1120 2704 τὸν
1158 2653 1292 2704 σῖτον
1320 2652 1610 2722 captain-qm
1643 2653 1728 2706 καὶ

697 2731 988 2800 πυκνότερον
1009 2733 1158 2783 ποιεῖ.
1186 2727 1481 2784 Columella
1501 2770 1516 2796 ,
1537 2731 1634 2784 lib.
1665 2731 1726 2796 1,

700 2827 749 2861 ο.
784 2813 819 2862 6
849 2827 863 2861 :
896 2835 919 2856 ιι
940 2809 1171 2862 Parietes
1195 2811 1518 2863 oblinuntur
1551 2827 1729 2863 amur-

698 2905 760 2941 ca
786 2889 1004 2942 subacto
1029 2888 1145 2942 luto
1161 2928 1177 2953 ,
1198 2891 1286 2942 eui
1320 2907 1421 2960 pro
1447 2890 1616 2961 paleis
1634 2889 1729 2943 ad-

697 2967 864 3020 mixta
884 2979 1009 3021 sunt
1039 2967 1185 3021 arida
1214 2969 1453 3034 oleastri,
1484 2971 1570 3022 vel
1599 2971 1643 3023 si
1667 2989 1726 3023 ea

696 3065 806 3099 non
827 3059 975 3113 sunt,
1007 3047 1137 3101 olen
1151 3048 1299 3102 folia.
1324 3047 1532 3102 Deinde
1557 3068 1725 3122 quum

696 3124 1015 3197 pradictum
1042 3128 1325 3182 tectorium
1350 3128 1548 3183 inaruit
1564 3168 1580 3195 ,
1605 3149 1727 3183 rur·

696 3223 785 3259 sus
814 3224 1031 3260 amurca
1082 3209 1413 3279 respergitur
1427 3247 1444 3274 ,
1477 3227 1585 3280 qua
1627 3210 1726 3262 sic-

696 3299 809 3340 eata
834 3286 1169 3340 frumentum
1191 3288 1437 3343 infertur.
1457 3291 1537 3342 Ea
1555 3307 1639 3342 res
1657 3289 1725 3342 ab

696 3367 847 3420 noxis
899 3367 1277 3420 curculionum
1301 3408 1315 3432 ,
1366 3378 1420 3421 et
1470 3369 1726 3420 similium

696 3446 1007 3500 animalium
1039 3446 1251 3501 videtur
1277 3446 1519 3501 conditas
1547 3447 1726 3520 fruges

694 3525 1016 3590 defendere,
1046 3541 1146 3580 ete.
1170 3553 1194 3574 ι
1220 3523 1406 3580 Ηιιι).

779 3610 834 3660 6.
864 3608 917 3658 E
919 3618 938 3657 t
952 3611 1229 3678 pavimenta
1248 3607 1624 3674 hore-,frumenti
1625 3646 1724 3661 .....

694 3705 893 3738 amur-ca
937 3690 1147 3757 aspergi.
1196 3685 1281 3738 Ne
1334 3686 1496 3739 rimas
1537 3700 1692 3757 agant
1706 3725 1723 3755 ,

696 3765 871 3836 inquit
919 3765 1218 3819 Columella
1241 3803 1257 3830 ,
1283 3765 1380 3819 lib.
1410 3766 1439 3819 1
1456 3805 1471 3830 ,
1513 3785 1636 3837 cap.
1661 3769 1722 3834 6,

694 3861 819 3914 pag.
852 3845 922 3897 26
948 3881 965 3907 ‚
993 3863 1115 3916 quae
1150 3863 1274 3898 eava
1300 3845 1547 3916 praebent
1571 3857 1626 3899 et
1647 3847 1725 3901 la-

697 3925 869 3977 tebras
894 3924 1253 3978 subterraneis
1280 3925 1618 3980 animalibus.
1651 3927 1724 3980 H.

779 4021 831 4072 7.
867 4003 1181 4057 Vesuvium.
1216 4009 1353 4058 Arca
1380 4019 1459 4059 eat
1479 4046 1496 4071 ,
1527 4003 1585 4058 in
1619 4025 1726 4078 qna

694 4095 863 4138 vestes
888 4095 1178 4149 servamur,
1196 4085 1349 4150 Cato,
1376 4103 1495 4155 cap.
1519 4103 1725 4152 xcvm,

1819 1713 1940 1766 pag.
1975 1695 2046 1765 57
2091 1713 2106 1746 ι
2151 1719 2173 1742 ι
2191 1693 2525 1746 Vestimenta
2571 1711 2639 1745 ne
2685 1693 2817 1746 tinec

1817 1786 2069 1845 tangant.
2123 1790 2394 1827 amumam
2441 1771 2726 1844 decoquito
2767 1769 2818 1822 ad

1814 1851 2132 1916 dimidium,
2161 1865 2216 1906 et
2246 1872 2306 1908 ea
2355 1853 2581 1923 unguite
2617 1850 2816 1906 fundum

1815 1951 1951 1987 aren
1968 1972 1984 1999 ,
2015 1945 2070 1986 et
2095 1933 2423 1986 extrinsecus
2445 1931 2636 2006 pedes,
2669 1945 2720 1984 et
2741 1949 2820 1983 an-

1812 2015 1984 2084 gulos.
2011 2010 2122 2066 Ubi
2147 2031 2210 2068 ea
2231 2011 2522 2079 adar-uerit,
2538 2012 2819 2066 vestimenta

1815 2092 2055 2147 condito.
2090 2093 2146 2146 Si
2176 2094 2252 2147 ita
2282 2091 2469 2146 feceris
2495 2131 2514 2158 ,
2559 2091 2706 2146 tinec
2727 2109 2816 2144 non

1808 2175 2105 2226 nocebunt.
2125 2199 2149 2220 ι
2176 2171 2366 2225 Halm.

1896 2256 1951 2307 8.
1983 2253 2173 2305 Morbis
2205 2252 2445 2325 quatit-up.
2473 2250 2676 2320 Nempe
2707 2265 2818 2300 oves

1809 2349 1880 2385 ne
1895 2333 2096 2387 scabra
2109 2331 2232 2386 sint.
2253 2333 2406 2398 Cato,
2421 2349 2538 2400 cap.
2551 2347 2672 2384 κατι
2689 2347 2704 2380 ε
2725 2355 2745 2376 ι
2755 2327 2816 2380 Et

1809 2411 1976 2466 boves
2007 2413 2085 2466 uti
2115 2410 2356 2476 valeant,
2391 2425 2446 2464 et
2495 2409 2658 2464 curati
2697 2409 2814 2459 bene

1811 2490 1949 2556 sint,
1972 2505 2024 2545 et
2064 2492 2156 2563 qui
2201 2490 2470 2546 fastidient
2509 2491 2714 2552 eibum,
2747 2485 2812 2540 uti

1811 2572 1977 2642 magis
2019 2569 2217 2644 cupide
2250 2583 2535 2644 appetant,
2585 2567 2813 2639 pabulum

1813 2649 1963 2724 quod
1988 2650 2140 2705 dabis
2159 2666 2374 2705 amurca
2394 2650 2662 2722 spargito,
2685 2661 2808 2700 etc.-

1809 2729 1963 2784 Idem
2011 2749 2128 2804 cap.
2170 2749 2310 2794 cm,
2361 2747 2483 2801 pag.
2551 2729 2637 2782 ⁵8.
2689 2721 2813 2780 Adde

1812 2811 1972 2864 etiam
1994 2811 2208 2865 Colum.
2227 2809 2324 2863 lib.
2343 2811 2451 2875 vl,
2483 2827 2602 2881 cap.
2629 2814 2691 2872 4,
2712 2823 2809 2877 pag-

1822 2895 1948 2944 216.
1981 2889 2165 2944 Hann.

1895 2990 1949 3041 9.
1979 2971 2202 3022 Humani
2224 2966 2808 3041 quoquemons.C01po·

1813 3052 1881 3101 ris
1931 3045 1956 3113 (
1980 3049 2157 3114 sedis,
2213 3049 2575 3120 genitalium,
2625 3033 2808 3107 vulva)

1811 3129 1991 3183 Dione.
2021 3142 2074 3184 et
2101 3129 2204 3184 Ch.
2229 3131 2336 3182 En.

1899 3229 1982 3263 10.
2011 3211 2144 3262 Lora
2159 3247 2176 3272 ,
2204 3220 2306 3262 etc.
2333 3209 2469 3262 Cato
2485 3245 2501 3271 ‚
2526 3225 2640 3278 cap.
2663 3221 2808 3262 xcvn,

1809 3306 1933 3361 pag.
1967 3289 2038 3360 57
2073 3309 2088 3340 ε
2124 3314 2147 3336 ι
2189 3292 2424 3344 Amarea
2451 3285 2666 3340 decoctu
2687 3297 2808 3336 axem

1811 3369 2035 3440 unguite
2055 3407 2071 3434 ,
2108 3379 2164 3422 et
2199 3369 2343 3431 lora,
2389 3379 2442 3421 et
2469 3366 2809 3421 calciamenta.

1811 3460 1865 3502 et
1881 3447 2030 3502 coria
2055 3448 2236 3500 omnia
2262 3465 2278 3500 z
2301 3459 2358 3501 et
2379 3447 2604 3502 meliora
2627 3445 2804 3514 facies.-

1812 3527 1996 3582 Halm.

1900 3626 1990 3662 ιι.
2014 3607 2182 3680 Aeque
2213 3617 2494 3659 atramenta.
2533 3604 2691 3667 Cato,
2713 3619 2808 3670 cap·

1811 3705 1986 3741 :cvm
2004 3705 2085 3758 ,.p
2107 3687 2137 3740 5
2146 3705 2215 3756 7
2245 3687 2422 3738 -Item
2447 3685 2645 3738 ahenea
2660 3680 2806 3734 omnia

1809 3767 2065 3839 unguito,
2096 3765 2191 3820 sed
2223 3766 2374 3836 prius
2399 3763 2655 3835 extergite
2677 3762 2804 3814 bene·

1813 3847 2000 3900 Postea
2045 3864 2212 3917 quum
2261 3845 2521 3909 unxeris,
2567 3856 2618 3897 et
2653 3859 2706 3894 ea
2741 3835 2803 3888 uti

1814 3927 1990 3991 voles,
2003 3927 2196 3979 iterum
2213 3925 2503 4017 extergi-to,
2515 3917 2806 3995 splendidior

1815 4007 1945 4073 erit,
1957 4019 2008 4060 et
2023 4023 2202 4076 &rugo
2217 4024 2328 4060 nou
2346 4005 2452 4057 erit
2477 4004 2728 4057 molesta.-
2749 3995 2802 4047 fl

1905 4106 1992 4140 n.
2035 4087 2096 4139 In
2127 4089 2258 4157 queis
2285 4083 2458 4155 ficum.
2505 4085 2666 4146 Cato,
2707 4091 2802 4145 0⁸?-
