2984 5009
991 482 1306 551 LIBER
1359 482 1529 551 XII.

2226 488 2323 581 47

197 617 378 687 distat
393 618 832 711 regioeorum
861 612 1220 700 thurifera,
1247 612 1424 688 Saba
1449 609 1781 707 appellata
1800 598 1853 701 ⁶,
1866 611 2049 707 quod
2076 614 2325 711 signifi-

197 748 332 793 care
362 723 584 793 Graeci
623 720 1020 815 mysterium
1047 719 1282 791 dicunt
1313 746 1328 787 ε
1375 733 1635 814 spectat
1652 734 1839 791 ortus
1878 718 2047 792 Solis
2074 724 2283 793 aestivi
2304 776 2327 812 ‚

199 830 472 924 undique
491 826 774 925 rupibus
796 827 1006 912 invia,
1044 841 1112 896 et
1131 852 1170 897 a
1195 826 1427 897 dextra
1449 827 1615 897 mari
1648 826 1936 922 scopulis
1962 829 2321 899 inaccesso.

195 937 263 1004 ld
297 936 514 1005 solum
533 936 556 975 ⁷
603 960 642 1003 e
677 934 888 1004 rubro
929 931 1214 1006 lacteum
1255 932 1559 1005 traditur.
1602 930 1933 1003 Silvarum
1977 932 2325 1030 longitudo
2364 967 2392 1001 ι

194 1057 310 1127 est,
349 1027 645 1117 schoeui⁸
686 1065 816 1109 xx:
848 1038 1130 1114 latitudo
1166 1039 1517 1114 dimidium
1562 1040 1723 1134 ejus.
1777 1040 2109 1113 Schoenus
2143 1058 2329 1137 patet

193 1150 646 1219 Eratosthenis
675 1148 932 1222 ratione
949 1200 966 1235 ,
987 1145 1196 1217 stadia
1217 1170 1332 1230 xz,
1361 1147 1495 1217 hoc
1524 1161 1658 1233 est,
1693 1170 2011 1241 passuum
2034 1150 2327 1244 quinque

195 1254 470 1329 millibus
530 1274 546 1316 Ξ

611 1253 815 1349 aliqui
854 1278 1065 1325 xxxu.
1119 1252 1332 1332 stadia
1378 1252 1651 1349 singulis
1714 1253 2001 1327 schoenis
2060 1254 2322 1327 dedere.

193 1362 600 1433 Attolluntur
631 1360 834 1431 colles
869 1359 983 1429 alti
996 1359 1047 1443 ⁹,
1087 1360 1583 1454 decurruntque
1624 1373 1693 1432 et
1722 1360 1794 1427 in
1824 1358 2024 1455 plana
2050 1361 2325 1433 arbores

193 1484 412 1564 sponte
459 1482 661 1539 natm.
708 1470 984 1541 Terram
1051 1466 1430 1562 argillosam
1446 1465 1495 1490 ¹⁰
1552 1490 1693 1537 esse
1754 1468 2070 1557 convenit
2093 1520 2115 1555 ‚
2158 1469 2325 1539 raris

191 1574 472 1645 fontibus
505 1600 590 1645 ac
620 1575 905 1644 nitrosis.
935 1576 1296 1667 Attingunt
1325 1587 1391 1643 et
1421 1573 1649 1645 Minaei
1668 1626 1687 1653 ‚
1712 1596 1923 1669 pagus
1958 1572 2164 1662 alius,
2204 1600 2325 1670 per

191 1706 340 1775 quos
383 1682 708 1751 evehitur
748 1704 886 1749 uno
928 1682 1194 1749 tramite
1233 1694 1538 1773 angusto.
1599 1681 1685 1747 Hi
1747 1681 1947 1774 primi
1996 1706 2320 1753 commer-

191 1790 348 1859 cium
381 1788 612 1858 thuris
639 1786 886 1872 fecere,
925 1788 1342 1880 maximeque
1363 1799 1677 1857 exercent
1712 1808 1795 1855 :a
1822 1786 2063 1881 quibus
2096 1801 2166 1857 et
2194 1790 2325 1859 Mi·

189 1920 390 1967 naeum
425 1895 692 1967 dictum
738 1907 858 1971 est.
905 1895 1046 1963 Nec
1087 1905 1406 1988 praeterea
1449 1892 1747 1963 Arabum
1798 1892 1909 1967 alii
1959 1894 2175 1965 thuris
2218 1919 2323 1967 ar·-

189 2000 404 2073 horem
461 2000 703 2069 vident
721 2053 740 2087 ,
783 2023 862 2069 ac
903 2023 989 2068 ne
1032 2000 1275 2069 horum
1333 1999 1603 2093 quidem
1650 2024 1923 2069 omnes:
1969 1998 2325 2096 feruntque
2362 2000 2393 2052 3

189 2106 436 2179 nar-¹¹
473 2133 620 2177 non
662 2104 948 2200 amplius
989 2130 1132 2177 esse
1161 2105 1587 2188 familiarum,
1612 2105 1877 2200 quaejus
1906 2132 2031 2201 per
2063 2132 2325 2179 sucees-

188 2213 388 2287 tiones
425 2214 500 2285 id
545 2213 672 2283 sibi
715 2211 1070 2283 vindicent.
1123 2214 1364 2285 Sacros
1412 2213 1641 2287 vocari
1692 2211 1783 2279 ob
1840 2211 1911 2283 id
1936 2264 1957 2297 ,
2008 2238 2134 2283 nee
2188 2213 2327 2285 ullo

190 2434 492 2508 nagnitudo
520 2434 843 2504 intelligitur
871 2452 935 2487 ex
964 2433 1208 2505 sequenti

189 2517 342 2587 apite
365 2516 466 2569 33.
483 2510 674 2567 ‘Bao-r.

257 2600 305 2647 6.
318 2596 458 2649 Saba
467 2593 744 2665 appellata,
756 2592 902 2663 quod,
915 2602 1018 2647 etc.
1031 2592 1174 2663 Lege
1188 2610 1203 2645 ε

191 2673 306 2727 Saba
323 2676 626 2747 appellatur,
646 2672 778 2743 quod
789 2710 806 2737 ,
827 2686 929 2727 etc.
950 2671 1206 2725 Sum.—

189 2752 334 2815 saba,
371 2768 481 2808 etc.
510 2752 861 2806 Paucioribus
889 2750 1062 2803 verbis
1094 2748 1206 2803 duo

188 2834 530 2907 exemplaria:
559 2858 584 2879 σι
611 2831 748 2885 Saba
761 2830 1080 2903 appellatur,
1101 2830 1206 2883 hoc.

189 2914 270 2984 ἐς.
305 2926 472 2987 myst.
511 2911 694 2965 Graeci
731 2910 920 2966 dicunt
953 2929 970 2965 ι
1001 2922 1208 2981 spectat

191 3005 324 3047 ortus
355 2994 488 3047 solis
527 2991 695 3045 aestivi
715 3030 732 3055 ‚
775 2988 1014 3061 undique
1041 2990 1208 3043 maris

191 3072 408 3143 scopulis
435 3073 728 3125 inaccensa.
767 3095 789 3117 ι
831 3070 990 3123 Pur-r.
1017 3101 1097 3111 —
1119 3070 1206 3125 An

191 3152 275 3205 ἐπὶ
295 3159 384 3207 τοῦ
413 3149 580 3205 σε’ῧειν
597 3188 618 3215 ,
641 3146 786 3221 quod
813 3148 869 3202 in
895 3149 1042 3203 cultu
1063 3151 1206 3203 Deo·

190 3249 294 3284 rum
339 3231 652 3303 precipuus
691 3229 862 3283 thuris
905 3247 1030 3283 usus
1079 3242 1158 3283 est
1182 3228 1206 3281 Β

191 3311 366 3375 Mei-5
407 3309 709 3384 appellatos
763 3326 874 3363 esse
891 3340 907 3365 ι
948 3308 1048 3381 qui
1092 3310 1208 3363 Deo

191 3389 422 3455 sabasio,
456 3392 565 3443 hoc
603 3401 710 3455 est,
743 3388 951 3441 Baccho
965 3426 982 3452 ,
1011 3387 1206 3444 initiati

191 3469 384 3537 luent,
415 3468 608 3525 scribit
632 3468 1016 3543 Harpocration
1034 3508 1050 3532 ,
1080 3485 1203 3538 pag.

195 3552 314 3605 265.
364 3552 572 3616 Hann„
591 3580 672 3590 —
712 3547 866 3619 Quod
909 3544 1202 3619 significare.

192 3628 330 3683 MSS.
353 3632 496 3702 Reg-
519 3630 690 3701 Lang.
722 3640 774 3680 et
797 3625 926 3681 edit.
953 3628 1206 3701 princeps.

191 3708 270 3760 ἧσε
297 3709 787 3781 sigmfican.Bno·1·.
809 3738 888 3749 -
917 3709 979 3760 In
999 3727 1202 3759 accesso.

193 3786 272 3843 sic
293 3810 324 3845 e
349 3790 507 3843 MSS.
535 3788 766 3843 restituit
783 3785 950 3843 Hasd.
979 3790 1084 3841 En.

265 3890 316 3941 7.
341 3872 406 3923 Id
417 3871 582 3923 solum,
611 3872 782 3924 Ten-a
798 3904 813 3928 ,
843 3866 1054 3921 humus.
1078 3867 1147 3921 Η.

269 3953 318 4003 8.
343 3948 532 4003 Schmun·
561 3950 702 4002 XX.
744 3948 828 4001 De
856 3947 1082 4001 schoenis
1102 3946 1208 4019 egi-

195 4046 306 4081 mus
351 4032 460 4095 VI,
513 4031 600 4085 30.
650 4030 844 4083 Haut).
899 4056 978 4067 —
1026 4028 1206 4081 Dalec.

197 4105 363 4161 Eizev.
390 4112 624 4165 Gronov.
661 4120 720 4163 et
750 4117 878 4161 vett.
913 4104 1036 4159 edd.
1062 4107 1209 4159 schoe-

1294 2450 1482 2485 norum.
1510 2432 1617 2485 En.
1637 2462 1717 2471 -—
1737 2431 1967 2485 Salamas
1982 2446 2127 2503 patet
2142 2470 2157 2493 ‚
2190 2436 2327 2489 Em..

1296 2512 1525 2566 tostloenis
1536 2514 1741 2575 ratione,
1755 2512 1919 2565 stadia
1926 2512 2047 2567 XL.
2060 2512 2329 2571 Herodoti

1292 2591 1502 2647 ratione
1518 2630 1533 2657 ,
1570 2592 1877 2663 sexaginta;
1916 2592 2143 2647 aliorum
2166 2629 2183 2658 ‚
2226 2596 2326 2649 tri-

1293 2672 1438 2741 ginta
1487 2669 1673 2723 stadia.
1715 2669 1841 2724 vid.
1886 2690 2047 2744 supra
2090 2674 2187 2732 lib.
2231 2677 2285 2729 V
2306 2716 2325 2743 ‚

1295 2768 1412 2823 cap.
1447 2768 1470 2807 ι
1491 2769 1539 2804 ι.
1567 2751 1775 2803 Dante.

1379 2850 1434 2899 9.
1480 2829 1640 2883 Colles
1684 2830 1793 2885 alei.
1826 2830 2111 2904 Iidemque
2149 2836 2323 2907 operti

1294 2910 1418 2967 nive
1432 2947 1451 2974 ,
1473 2910 1651 2980 inquit
1668 2910 2021 2981 Theophrast.
2042 2913 2124 2965 lx
2140 2950 2156 2977 ,
2176 2920 2231 2979 4.
2250 2916 2321 2971 Η.

1383 3008 1466 3043 ιο.
1506 2990 1707 3044 Terram
1738 2992 2039 3059 argillosam·
2065 2993 2313 3065 Theoph-

1293 3068 1399 3123 loc.
1445 3069 1538 3123 cit.
1578 3070 1705 3125 vet.
1732 3069 1883 3141 apud
1930 3071 2108 3130 Dalec.
2147 3092 2322 3135 anuo·

1294 3168 1414 3201 sam.
1439 3149 1545 3201 En.
2368 3210 2377 3217 ,

1385 3247 1406 3281 1
1425 3244 1474 3281 1.
1509 3228 1784 3299 Feruntque
1810 3228 2007 3283 MMM.
2028 3242 2133 3285 eto.
2156 3234 2317 3289 Deest

1294 3307 1354 3361 in
1392 3307 1547 3361 libris
1582 3327 1839 3362 numerus
1874 3309 2229 3376 familiarum,
2264 3326 2321 3369 et

1292 3406 1417 3441 sane
1449 3400 1531 3441 tot
1571 3389 1783 3443 familiai
1810 3388 1999 3443 urbem
2029 3390 2115 3444 vel
2141 3410 2317 3463 popu·

1290 3467 1457 3519 lesam
1483 3468 1658 3521 facere
1684 3481 1914 3539 quecun
1940 3470 2231 3540 seriptum,
2258 3484 2319 3525 ut

1291 3548 1504 3619 opinor,
1530 3548 1707 3601 fuerat
1730 3566 1743 3599 ε
1758 3550 1933 3615 firme
1959 3566 2051 3603 cm
2082 3568 2179 3601 non
2210 3570 2317 3605 am·

1285 3628 1421 3697 plius
1437 3667 1454 3691 ‚
1483 3639 1587 3685 etc.
1608 3626 1781 3680 Simu.
1816 3656 1894 3671 -·-
1920 3628 2079 3684 Deest
2102 3628 2161 3681 in
2186 3630 2315 3702 Reg-

1293 3718 1346 3759 et
1375 3705 1539 3764 Colb.
1583 3725 1611 3758 a
1634 3746 1651 3771 ,
1696 3706 2015 3760 familiarum
2042 3726 2317 3767 numerus.

1294 3788 1364 3840 At
1402 3786 1462 3839 in
1498 3785 1655 3841 Colb.
1688 3786 1719 3839 3
1760 3805 1773 3837 :
1811 3810 1835 3834 ι
1866 3786 2170 3862 Feruntque
2204 3808 2320 3849 non

1295 3866 1525 3939 amplius
1558 3884 1669 3919 esse
1694 3865 2015 3922 familiarum
2042 3869 2281 3941 quinquo
2300 3910 2317 3937 ,
2364 3906 2376 3914 .

1295 3964 1415 4017 quae
1434 3947 1556 4015 jus,
1585 3958 1687 4001 etc.
1712 3972 1733 3991 .
1766 3946 1939 4001 Habet
1962 3949 2079 4005 haee
2105 3968 2318 4023 quoque

1295 4024 1464 4079 solia.
1490 4026 1656 4080 tacito
1694 4026 2019 4085 familiarum
2048 4048 2277 4103 numero
2296 4068 2313 4092 .

1299 4123 1416 4175 cap.
1443 4124 1607 4160 xxnx.
1636 4106 1818 4161 Hum.
