2984 5009
651 444 802 539 374

1184 440 1261 507 C.
1316 437 1658 507 PLINII
1710 437 1929 506 NAT.
1989 434 2245 503 Hls'r.

645 590 857 663 quens
892 586 1121 635 earum
1155 560 1486 632 vindemia
1530 574 1655 646 est,
1704 582 1941 653 arsque
1982 556 2091 627 vel
2122 556 2359 648 major,
2395 552 2529 625 olei
2566 568 2781 627 musta

649 669 1060 767 temperandi
1090 654 1134 737 ⁵.
1217 669 1320 737 Ex
1375 666 1605 740 eadem
1664 666 1912 761 quippe
1970 662 2147 733 oliva
2204 660 2529 731 differunt
2586 660 2781 731 suooi.

645 781 942 850 Primum
983 758 1318 846 omnium⁶
1357 800 1396 843 e
1435 773 1675 858 cruda,
1712 786 1911 866 atque
1936 768 2233 843 nondum
2274 768 2605 839 inchoatae
2649 789 2782 835 ma·

648 883 978 957 tun-itatis:
1034 882 1166 953 hoc
1222 904 1458 974 sapore
1507 879 2137 974 praestantissimum.
2190 876 2373 964 Quin
2428 888 2497 943 et
2562 898 2649 943 ex
2710 896 2785 941 eo

646 993 862 1087 prima
903 987 1119 1061 uuda⁷
1171 986 1340 1082 preli
1378 985 1821 1058 laudatissima
1843 1039 1863 1071 ,
1908 1009 1987 1057 ac
2036 982 2275 1055 deinde
2324 1006 2445 1075 per
2486 979 2785 1049 diminu-

647 1101 860 1167 tiones
899 1122 914 1164 :
959 1096 1094 1165 sive
1146 1084 1272 1186 (ut
1322 1118 1539 1187 nuper
1582 1093 1923 1161 inventum
1968 1077 2155 1182 est),
2212 1086 2489 1161 exilibus
2540 1083 2788 1180 regulis

647 1204 814 1300 pede
829 1306 842 1313 φ
867 1200 1124 1276 incluso
1138 1186 1182 1267 ⁸.

646 1422 960 1488 arboribus,
1003 1438 1120 1491 cap.
1180 1437 1248 1489 ¹9
1283 1435 1297 1471 :
1355 1444 1380 1467 ι
1437 1418 1672 1471 Arbores

647 1502 865 1575 paribus
881 1498 1168 1552 intervallis
1188 1497 1350 1550 serito
1372 1535 1388 1564 ,
1418 1508 1480 1549 ut
1505 1514 1671 1571 quum

649 1582 945 1644 creverint,
984 1578 1208 1648 spatium
1251 1577 1476 1629 habeant
1495 1614 1511 1640 ,
1564 1593 1673 1647 quo

649 1678 824 1715 ramos
873 1656 1162 1711 extendant
1194 1674 1208 1708 :
1255 1674 1383 1709 nam
1422 1656 1463 1707 si
1509 1656 1675 1726 spisse

651 1739 919 1811 posueris,
962 1754 1136 1811 neque
1183 1736 1321 1789 infra
1381 1734 1676 1807 quidquam

651 1836 828 1873 serere
856 1816 1083 1888 poteris,
1105 1834 1205 1868 nec
1236 1816 1364 1886 ipsa
1395 1815 1679 1868 fructuoso

653 1909 845 1962 erunt,
870 1896 972 1948 nisi
1014 1913 1100 1949 eas
1137 1894 1482 1948 interraseris.
1518 1918 1540 1941 ι
1590 1892 1679 1947 Sic

655 1978 766 2031 fere
819 1976 1056 2045 interlegi
1105 1986 1159 2026 et
1197 1972 1463 2028 intervelli
1517 1972 1681 2025 latine

655 2054 921 2120 dicemus,
948 2066 1008 2106 ut
1034 2053 1336 2107 annotaturi
1366 2070 1549 2105 sumus
1582 2052 1678 2105 lib.

657 2137 847 2200 XVII,
898 2152 1012 2204 cup.
1070 2152 1136 2204 17
1166 2172 1182 2199 ,
1222 2145 1276 2186 et
1327 2132 1680 2203 interputari,

657 2228 814 2287 atque
859 2213 1218 2284 interpurgsri
1239 2248 1256 2275 ‚
1311 2212 1406 2265 lib.
1457 2210 1683 2277 XVIII,

659 2314 777 2367 cap.
809 2294 905 2359 65.
925 2294 1110 2346 Hsnn.

743 2376 796 2427 5.
831 2375 1026 2445 Arsque
1058 2372 1148 2423 ‘vel
1181 2374 1336 2442 major
1361 2372 1513 2422 oleum
1540 2390 1682 2444 quam

625 2490 633 2497 ·
661 2466 814 2507 musta
837 2452 1140 2523 temperandi.
1161 2452 1226 2503 In
1253 2450 1543 2522 exemplari
1566 2450 1683 2503 To·

659 2535 837 2587 letano
859 2573 875 2598 ,
929 2558 950 2579 ι
990 2534 1201 2601 Arsque
1243 2528 1324 2582 vel
1373 2532 1543 2599 major
1578 2529 1683 2583 olei

661 2626 834 2666 musta
855 2609 1214 2681 temperandi,
1236 2634 1259 2656 n
1285 2609 1510 2661 verbum
1539 2609 1684 2663 enim

661 2712 802 2763 quam
832 2702 1084 2744 neutrum
1109 2686 1376 2757 exemplar
1403 2688 1638 2757 agnoscit
1668 2707 1681 2741 :

661 2771 894 2842 appellat
939 2788 1068 2823 vero
1115 2769 1210 2819 olei
1259 2780 1414 2818 musta
1439 2805 1455 2830 ,
1507 2767 1685 2819 oleum

661 2868 862 2903 recens.
894 2848 1050 2899 Pur-r.
1091 2877 1173 2887 --
1209 2846 1326 2899 olei
1371 2858 1544 2898 musta.
1600 2846 1686 2899 Sic

663 2930 792 2999 Reg.
828 2948 888 2991 τι,
931 2939 983 2979 et
1008 2925 1097 2978 alii
1129 2944 1142 2977 ε
1175 2945 1284 2977 non
1341 2926 1493 2978 oleum
1543 2946 1686 2998 quam
1722 2954 1726 2957 ⁴

663 3020 835 3060 musta.
866 3005 984 3058 Olei
1016 3018 1189 3058 musta
1230 3004 1478 3058 translate
1520 3004 1683 3067 dixit,

661 3105 763 3158 pro
802 3086 1004 3139 recenti
1043 3086 1163 3137 oleo
1212 3102 1226 3136 τ
1270 3102 1300 3137 a
1352 3086 1480 3138 vino
1528 3082 1687 3139 ducta

663 3166 1017 3220 wenslatione.
1045 3164 1132 3218 Sic
1157 3165 1406 3235 proxime
1432 3177 1585 3218 antes
1617 3166 1685 3218 si-

663 3246 777 3298 mili
835 3244 1180 3299 translatione
1231 3245 1401 3299 utitur
1430 3284 1445 3311 ,
1514 3263 1683 3318 quum

660 3325 982 3379 vindemiam
1038 3324 1274 3378 olearum
1340 3324 1490 3378 dixit.
1551 3324 1685 3376 Nam

659 3408 876 3477 proprie
883 3404 1135 3458 olivation
1142 3422 1224 3455 em
1243 3402 1462 3457 diceret.
1477 3404 1684 3457 Festus:

668 3511 692 3532 ο
714 3486 976 3539 Olivetam
990 3483 1194 3556 antiqui
1213 3483 1462 3539 dicebant
1480 3518 1496 3545 ,
1517 3502 1683 3555 quum

660 3566 775 3618 olea
835 3564 1180 3636 colligebatur
1215 3582 1231 3628 ς
1301 3576 1362 3616 ut
1411 3580 1627 3616 messem
1668 3601 1684 3628 ,

661 3662 830 3717 quum
849 3646 1110 3698 frumenta
1126 3661 1142 3710 ;
1158 3642 1500 3707 vindemiam,
1518 3660 1684 3713 quum

659 3742 778 3776 uvae
806 3741 820 3776 :
848 3723 994 3795 quod
1021 3722 1338 3774 vocabulum
1371 3722 1551 3793 potius
1578 3722 1682 3775 fre·

660 3805 900 3875 quentari
933 3802 1189 3862 debebat,
1223 3820 1380 3873 quam
1413 3802 1621 3854 nullum
1667 3820 1680 3856 :

659 3900 825 3953 quum
870 3883 982 3952 ejus
1025 3882 1422 3952 significationis
1471 3898 1683 3935 causam

569 4004 576 4009 .
658 3961 990 4015 haberemus.
1011 3960 1268 4025 Quamvis
1292 3959 1509 4033 quidam
1529 3960 1683 4013 olivi·

659 4052 819 4095 tatem
844 4058 958 4104 eam
978 4037 1174 4093 dicant.
1199 4066 1220 4085 ι
1254 4043 1322 4129 At
1345 4040 1681 4106 Columellas,

1245 1200 1521 1288 Quanto
1564 1199 1887 1288 maturior
1940 1197 2178 1281 bacca,
2234 1208 2424 1267 tanto
2471 1192 2791 1288 pinguior

1760 1416 1853 1469 lib.
1877 1416 2013 1483 XII,
2042 1432 2157 1485 cup.
2192 1414 2263 1469 50
2280 1450 2297 1478 ,
2318 1412 2531 1469 olivitas
2552 1426 2641 1465 est
2660 1426 2789 1467 tem·

1762 1494 2034 1569 pestivitas
2064 1492 2132 1547 nd
2171 1492 2341 1547 oleam
2372 1490 2787 1563 decet-pendam.

1762 1574 1869 1627 Sed
1896 1575 1989 1627 lib.
2014 1575 2069 1635 I,
2113 1591 2227 1643 cap.
2266 1591 2289 1626 1
2319 1609 2337 1636 ,
2388 1574 2581 1624 olivitas
2612 1573 2790 1642 largis·

1762 1659 1883 1707 sima
1910 1672 2034 1707 cum
2058 1652 2324 1705 vindemia
2352 1652 2661 1723 copulatur.
2679 1654 2747 1704 H.

1846 1738 1903 1791 6.
1922 1734 2139 1789 Primum
2158 1738 2379 1785 omnim.
2405 1730 2572 1795 Quod
2598 1730 2791 1787 Catoni

1768 1816 1921 1867 oleum
1946 1813 2107 1865 ‘viride
2135 1810 2363 1876 dicitur,
2392 1811 2488 1864 lib.
2524 1809 2593 1862 de
2630 1814 2701 1864 R.
2730 1812 2791 1863 R.

1764 1912 1880 1967 cup.
1910 1912 2044 1958 vag
2075 1892 2251 1944 viridis
2282 1902 2412 1943 notoe
2446 1889 2795 1955 Columella,

1765 1972 1859 2027 lib.
1892 1972 2001 2025 ΧΠ
2024 2013 2039 2035 ,
2080 1990 2194 2043 cap.
2220 1972 2306 2024 50.
2336 1970 2524 2025 Butu-

1846 2072 1901 2123 7.
1961 2052 2131 2104 Prima
2177 2051 2324 2104 unda.
2381 2051 2579 2103 Oleum
2621 2056 2793 2121 prime

1767 2145 1920 2199 ποίαν,
1952 2130 2010 2184 id
2041 2145 2119 2185 est
2138 2172 2153 2194 ,
2184 2135 2356 2201 prima
2395 2150 2643 2202 pressure
2666 2172 2683 2195 ‚
2740 2142 2797 2183 ut

1767 2226 1923 2267 vocat
1970 2210 2294 2277 Columella,
2338 2212 2451 2263 hoc,
2488 2222 2594 2272 est,
2653 2208 2795 2282 quod

1769 2294 1944 2364 primo
1957 2290 2275 2364 exprimitur
2292 2328 2308 2353 ,
2323 2292 2590 2362 optimum
2618 2308 2635 2341 :
2658 2290 2797 2343 dein·

1772 2370 1840 2424 ‹le
1866 2370 2011 2441 quod
2039 2368 2271 2423 secundo
2288 2410 2303 2435 ,
2341 2382 2394 2422 et
2423 2370 2499 2422 sic
2542 2370 2798 2426 bonitatis

1771 2450 2161 2511 diminutione,
2217 2462 2278 2502 ut
2326 2448 2532 2503 Plinius
2573 2450 2654 2503 ait
2693 2450 2797 2521 ipse

1771 2530 1867 2584 lib.
1898 2530 2063 2592 XIII,
2080 2548 2195 2601 cap.
2222 2528 2404 2586 23‚ad
2426 2528 2794 2583 deterrimum.

1772 2610 1843 2663 Le
1875 2614 2095 2677 premier,
2132 2610 2177 2661 le
2209 2608 2411 2672 second,
2468 2608 2512 2659 le
2564 2613 2798 2661 tmisieme

1766 2709 2068 2761 pressat-age.
2128 2714 2149 2735 ι
2185 2687 2320 2740 Sunt
2358 2700 2535 2741 nutem
2559 2729 2575 2755 ,
2628 2688 2799 2762 inquit

1774 2768 2067 2824 Columella
2110 2768 2207 2819 lib.
2251 2768 2393 2833 XII,
2432 2786 2555 2838 cap.
2588 2768 2701 2834 50,
2746 2770 2795 2821 in

1772 2849 1903 2905 cella
1924 2848 2116 2905 olearia
2134 2862 2239 2900 tres
2258 2847 2529 2901 labrorum
2552 2846 2794 2903 ordines:

1774 2941 1834 2982 ut
1862 2947 2002 2981 unus
2030 2928 2213 2999 primm
2242 2940 2412 2992 notae,
2445 2926 2501 2980 id
2524 2941 2604 2980 est
2626 2967 2644 2994 ,
2689 2928 2796 2999 pri-

1774 3026 1873 3061 mae
1896 3026 2151 3081 pressurae
2180 3006 2355 3061 oleum
2380 3007 2637 3079 recipiat,
2669 3009 2797 3061 alter

1772 3085 2016 3141 secuudae
2036 3128 2050 3151 ,
2085 3086 2270 3139 tertius
2298 3086 2487 3138 tertia.
2510 3088 2650 3139 Nam
2682 3090 2797 3160 plu·

1776 3167 1971 3221 rimum
1996 3166 2157 3225 refert
2176 3184 2285 3219 non
2316 3166 2539 3219 miscere
2562 3166 2796 3221 iteratio·

1774 3264 1895 3299 nem
1910 3286 1926 3313 ,
1941 3246 2215 3316 multoque
2228 3246 2405 3297 minus
2424 3247 2797 3311 tertiationem,

1775 3344 1897 3379 cum
1964 3327 2137 3398 prima
2188 3344 2431 3395 pressura
2479 3344 2494 3379 ε
2544 3327 2793 3397 quoniam

1774 3405 2008 3461 melioris
2043 3404 2243 3475 saporis
2269 3418 2375 3467 est,
2407 3403 2557 3476 quod
2594 3408 2797 3458 minore

1774 3484 1827 3537 vi
1848 3484 1985 3557 preli
1998 3483 2172 3557 ,quasi
2190 3482 2436 3535 lixivium
2459 3483 2757 3539 defluxerit.
2772 3512 2791 3531 ι

1774 3564 1916 3617 Galli
1952 3575 2175 3625 vocant,
2218 3564 2278 3615 de
2312 3564 2483 3615 l'huite
2510 3566 2677 3636 vierge
2698 3583 2716 3613 .-
2745 3566 2797 3617 in

1774 3643 1945 3697 Gallia
1982 3662 2043 3696 ex
2086 3642 2241 3696 olivis
2278 3642 2500 3697 maturis
2538 3663 2634 3697 suo
2660 3645 2798 3717 ipsa·

1770 3742 1891 3777 rum
1919 3721 2159 3794 pondere
2185 3735 2373 3795 sponte
2400 3721 2457 3775 id
2482 3722 2621 3776 fluit.
2650 3724 2720 3776 Η.

1857 3804 1909 3857 8.
1944 3801 2169 3855 Exilibus
2218 3802 2398 3871 regulis
2428 3802 2554 3875 pede
2594 3804 2793 3855 incluso.

1774 3882 2016 3937 Exilibus
2034 3881 2227 3953 regulis
2245 3900 2411 3935 samsa
2430 3882 2650 3938 inclusa.
2674 3884 2769 3937 Pes
2781 3921 2795 3947 ,

1773 3962 1883 4014 sive
1898 3980 2065 4017 samss
2081 4000 2096 4025 ,
2125 3962 2169 4012 Ie
2191 3982 2320 4013 marc
2340 3962 2425 4013 des
2445 3962 2588 4014 olives
2606 4002 2623 4027 ,
2638 3962 2797 4015 oliva·

1770 4060 1891 4095 rum
1923 4041 2093 4113 prima
2119 4040 2217 4093 fax
2232 4054 2342 4106 est,
2373 4042 2606 4113 primum
2625 4060 2795 4095 recre-
