2984 5009
622 1497 657 1552 R

698 391 837 464 312

1243 398 1317 466 C.
1371 396 1710 468 PLINII
1757 399 1969 470 NAT.
2025 396 2284 468 HIST.

698 528 1013 599 successit
1040 525 1166 614 illi,
1192 527 1480 598 nobilem
1520 545 1812 625 vappam
1828 527 1877 570 ²⁷
1933 517 2274 600 Certant¹⁸
2297 531 2584 602 Massica
2603 555 2808 626 εφη,-

540 639 543 642 ’
627 647 660 701 5
696 655 779 704 ex
814 649 1039 706 monte
1068 633 1367 704 Gaur0'⁹
1392 634 1702 706 Puteolos
1741 638 2056 730 Baiasque
2089 640 2595 770 prospectantia.
2647 641 2807 708 Nam

695 739 977 812 Falerno
1019 743 1431 812 contermina
1457 745 1732 813 Statana
1771 742 1856 811 ad
1895 730 2366 840 principatus³⁰
2401 769 2646 816 venere
2687 767 2808 813 non

695 846 929 920 dubie·
912 848 1314 946 ,palamque
1336 849 1554 920 fecere
1577 874 1696 919 sua
1709 851 2080 945 quibusque
2103 855 2294 922 terris
2319 867 2622 948 tempora
2647 877 2810 934 esse,

696 958 871 1026 sicut
911 981 1131 1026 rerum
1194 969 1557 1088 pr30ventus
1599 981 2021 1077 occasusque.
2079 961 2319 1028 Juncta
2373 959 2478 1028 his
2529 959 2808 1053 praeponi

700 1062 1001 1140 solebant
1018 1048 1317 1132 Calena3¹
1332 1088 1351 1150 ;
1386 1077 1454 1131 et
1478 1085 1648 1184 (1⁰..ae
1653 1063 1722 1132 in
1753 1064 1960 1132 vineis
1979 1063 2392 1159 arbustisque
2425 1080 2809 1149 nascuntur,

698 1155 1097 1240 Fundana&

1147 1167 1289 1237 Alia
1326 1193 1410 1238 ex
1450 1169 1696 1239 vicinia
1733 1171 1935 1239 Urbis
1977 1169 2421 1259 Veliternina,
2475 1174 2806 1240 Priverna-

694 1277 934 1372 tiaque.
993 1275 1167 1346 Nam
1234 1275 1413 1370 quod
1464 1276 1701 1370 Signiae
1721 1261 1773 1301 33

1819 1279 2140 1360 nascitur,
2200 1280 2580 1348 austeritate
2625 1279 2808 1348 nimia

696 1382 1115 1453 continendae
1156 1381 1319 1450 utile
1352 1381 1542 1468 alvo,
1577 1383 1748 1450 inter
1779 1382 2215 1453 medicamina
2237 1397 2662 1453 'numeratum

800 1489 1134 1579 Quartum
1148 1475 1201 1522 ³⁴
1226 1487 1631 1558 curriculum
1669 1487 1951 1582 puhlicis
1977 1487 2186 1584 epulis
2211 1491 2559 1559 obtinuere
2581 1517 2624 1559 a
2649 1491 2808 1559 Divo

692 1595 872 1672 Julio
939 1588 1042 1682 (is
1094 1595 1269 1664 enim
1314 1595 1568 1689 primus
1621 1597 2082 1665 auctoritatem
2130 1596 2232 1665 his
2291 1597 2570 1684 tribuit,
2622 1611 2698 1665 ut
2749 1598 2805 1664 in

782 1881 871 1934 ²7·
928 1863 1167 1932 Vappam.
1232 1861 1453 1933 Vappa,
1533 1860 1716 1912 vinum

694 1952 1030 2013 octrumum,
1046 1941 1282 2005 ἐξιςηκᾶις
1299 1937 1449 2004 οἶνος,
1477 1943 1563 1992 vin
1587 1951 1720 1992 tour-

697 2028 761 2074 πό
773 2041 793 2075 .·
814 2035 875 2074 ut
898 2022 1050 2085 ὀξίνης
1076 2039 1317 2076 acescens
1344 2039 1358 2075 :
1398 2015 1721 2091 ἐκφαντὶὧις,

697 2114 752 2156 et
772 2102 982 2165 ἐξίτηλος
1003 2141 1019 2164 ,
1042 2099 1323 2154 evanidam
1344 2142 1360 2165 ,
1384 2100 1620 2171 fugiens,
1640 2101 1724 2171 qai

698 2181 819 2234 n'est
854 2185 1001 2252 point
1040 2181 1103 2232 de
1142 2181 1295 2251 garde
1322 2199 1343 2233 .·
1374 2181 1680 2250 ἐκλιλυμίνος
1703 2216 1721 2240 ,

698 2259 1014 2333 languidum
1054 2274 1109 2314 et
1146 2261 1465 2326 sublatum,
1513 2263 1596 2332 qui
1634 2259 1722 2310 n'a

694 2347 838 2413 point
878 2341 943 2394 de
964 2343 1121 2408 force.
1162 2343 1299 2393 Du..
1354 2371 1435 2382 --
1476 2340 1720 2410 Vappam.

702 2423 907 2475 Vinum
946 2421 1237 2474 sublestum
1286 2437 1395 2472 vox
1444 2437 1507 2472 ea
1551 2430 1719 2472 sonat.

700 2501 891 2554 Horat.
918 2500 1013 2553 lib.
1033 2502 1061 2552 1
1078 2538 1095 2566 ,
1128 2501 1235 2553 Sat.
1259 2504 1287 2552 5
1310 2539 1323 2560 ,
1351 2517 1401 2551 v.
1420 2502 1483 2550 16
1513 2517 1528 2552 z
1557 2521 1580 2542 ι
1605 2499 1724 2551 Ab·

700 2594 903 2636 sentem
940 2593 1115 2633 cantat
1140 2579 1363 2632 amicam
1403 2578 1573 2630 Multa
1597 2597 1724 2648 pro·

699 2661 843 2715 lutus
868 2679 1039 2731 vappa
1070 2672 1245 2712 nauta.
1276 2683 1299 2705 ι·
1342 2659 1524 2711 Hann.

787 2742 881 2794 08.
927 2739 1145 2792 Cer-eane.
1190 2741 1271 2790 De
1311 2737 1463 2790 tertia
1511 2737 1689 2807 palma
1707 2773 1723 2796 ‚

704 2820 815 2874 sive
842 2817 913 2872 de
936 2818 1095 2871 tertio
1118 2816 1409 2870 nobilitatis
1426 2816 1598 2888 gradu
1619 2834 1725 2878 oer-

704 2911 819 2952 tant
840 2915 961 2950 cum
994 2896 1219 2950 Albanis
1241 2897 1478 2949 Massica.
1521 2896 1730 2950 Laudat

705 2978 987 3041 Horatius,
1013 2975 1121 3029 Od.
1145 2977 1210 3035 1,
1246 2994 1271 3029 1
1293 3015 1310 3040 ‚
1348 2995 1451 3045 ¹9²
1488 3003 1512 3025 ι
1536 2977 1730 3030 veteris

706 3057 897 3132 pocula
923 3057 1153 3110 Massici.
1188 3083 1211 3104 n
1246 3057 1431 3109 Haan.

794 3155 883 3206 ²9·
914 3139 1003 3190 Ex
1032 3149 1189 3188 monte
1214 3135 1405 3191 Gauro.
1432 3135 1553 3188 Hoc
1575 3148 1676 3200 est,
1697 3155 1730 3188 e

708 3231 889 3271 monta
914 3216 1137 3272 Massico
1160 3217 1215 3270 in
1234 3217 1544 3270 Gauranum
1568 3227 1732 3269 trans-

706 3297 827 3350 latis
855 3297 1051 3352 vitibus
1078 3297 1201 3350 vina
1245 3313 1504 3367 expressa.
1543 3297 1728 3349 Hann.

707 3399 789 3414 -·
816 3377 1001 3432 Gom-o.
1028 3377 1118 3430 six
1148 3396 1211 3429 ex
1240 3377 1401 3431 MSS.
1428 3375 1732 3429 emendavit

708 3456 1047 3523 Harduinusg
1092 3457 1331 3510 Gronov.
1362 3467 1415 3510 et
1441 3455 1563 3523 alii,
1591 3456 1732 3511 Gau·

710 3557 847 3592 rano.
874 3538 979 3592 En.

792 3619 881 3671 3ο.
912 3617 1007 3670 Ad
1026 3619 1342 3687 principatus.
1386 3614 1469 3669 Ad
1501 3615 1729 3686 primam

708 3697 941 3768 palmam
964 3713 979 3748 ε
1008 3711 1070 3749 ut
1090 3696 1291 3750 ceteris
1310 3697 1566 3750 omnibus
1577 3711 1734 3766 gene-

708 3777 858 3829 ribus
878 3787 1341 3848 anteponerentur.
1360 3777 1428 3829 H.
1450 3807 1531 3818 -
1551 3775 1730 3828 Dalec.

703 3859 1046 3926 principatum.
1078 3851 1183 3910 En.

796 3936 826 3990 3
840 3953 861 3988 t
874 3973 891 3990 .
918 3935 1099 3986 Iuncta
1141 3936 1214 3987 lu's
1251 3938 1471 4005 pra-poni
1515 3935 1733 3986 solebant

714 4017 918 4070 catena.
967 4015 1049 4066 Ab
1112 4013 1313 4085 oppido
1378 4015 1730 4085 cognomine,

1805 1859 1874 1912 de
1897 1879 2004 1932 quo
2032 1863 2142 1932 jam
2171 1858 2406 1914 diximus
2435 1861 2576 1916 libro
2605 1862 2710 1920 111,
2735 1881 2807 1914 m·

1805 1941 1916 2010 pite
1945 1960 1998 2010 9.
2033 1941 2210 1994 Hm).

1889 2019 1983 2071 32.
2043 2020 2301 2074 Fundana.
2349 2019 2403 2072 Δ
2457 2021 2562 2074 suis
2599 2039 2809 2092 quaque

1806 2097 2024 2170 oppidis
2063 2099 2428 2171 cognominata
2456 2119 2470 2153 :
2503 2100 2570 2154 de
2599 2101 2809 2172 quibus,

1804 2179 1900 2231 lib.
1947 2181 2062 2244 111,
2107 2181 2324 2251 egimus.
2377 2175 2650 2240 Φουνδανὸς
2701 2176 2805 2240 οἶνος

1809 2258 2003 2312 Athen.
2035 2259 2128 2312 lib.
2159 2262 2218 2325 1,
2245 2277 2367 2331 pag.
2398 2279 2487 2330 ²7·
2521 2261 2588 2312 Et
2615 2260 2806 2313 Priver-

1807 2357 1902 2391 nas
1916 2357 2040 2409 ager
2053 2378 2068 2402 ,
2085 2353 2137 2392 et
2148 2339 2513 2392 veliterninus
2525 2379 2540 2404 ,
2559 2339 2805 2410 hodieque

1807 2419 1922 2470 vini
1953 2418 2124 2482 ferax,
2155 2431 2286 2470 teste
2317 2419 2506 2472 Baccio
2527 2457 2542 2482 ‚
2587 2419 2678 2471 lib.
2709 2421 2806 2480 vl,

1808 2517 1924 2568 pag.
1953 2501 2060 2569 287
2093 2511 2144 2550 et
2172 2501 2302 2566 ²89-
2330 2497 2652 2552 Privernatis
2679 2517 2804 2550 com·

1811 2577 2028 2631 mendat
2063 2578 2298 2632 Galenus
2327 2577 2474 2648 apud
2503 2577 2696 2632 Athen.
2726 2579 2804 2630 lib.

1813 2659 1866 2722 1,
1894 2677 2012 2728 pag.
2051 2661 2142 2712 26.
2171 2658 2352 2710 Ham).

1896 2737 1986 2790 33.
2021 2738 2172 2808 Quod
2195 2737 2382 2807 Siffln‘oe
2411 2742 2647 2803 nascitur,
2675 2749 2809 2790 auste-

1813 2819 1958 2868 ritate
1980 2821 2127 2870 m'mia
2144 2856 2160 2881 ‚
2187 2829 2290 2870 etc.
2317 2817 2572 2872 Martialis
2592 2836 2807 2890 quoque,

1813 2897 1910 2948 lib.
1928 2897 2088 2962 xm,
2112 2897 2424 2969 epigramm.
2443 2917 2570 2950 cxvr
2589 2916 2604 2952 :
2629 2925 2652 2945 ι
2669 2898 2807 2950 Pota-

1813 2975 1896 3028 bis
1915 2975 2178 3048 liquidum
2199 2977 2418 3047 Signina
2438 2978 2688 3032 morantia
2699 2996 2808 3028 ven-

1811 3068 1982 3122 trem;
2025 3057 2106 3110 Ne
2142 3057 2370 3110 nimium
2410 3056 2615 3123 sistant,
2637 3059 2697 3110 sit
2723 3055 2805 3109 tibi

1811 3153 1974 3206 parca
2004 3138 2166 3190 sitis.»
2201 3137 2386 3190 Celsus
2417 3137 2573 3202 item,
2593 3139 2680 3190 lib.
2701 3137 2804 3192 lv.

1812 3233 1930 3287 cap.
1970 3216 2000 3268 5
2019 3257 2034 3281 ,
2067 3215 2136 3270 ad
2177 3216 2554 3270 resolutionem
2577 3215 2802 3271 stomachi

1812 3293 2156 3355 medendam.
2215 3297 2396 3350 vinnm
2434 3297 2698 3366 Signinum
2742 3295 2803 3346 ob

1813 3373 2074 3445 insignem
2090 3376 2452 3430 amteritatem
2469 3372 2800 3430 commendat:

1813 3453 2082 3526 hodieque
2113 3475 2173 3508 ea
2203 3454 2281 3508 vis
2309 3455 2358 3508 ei
2390 3450 2528 3509 vinov
2549 3469 2656 3520 est,
2694 3465 2802 3506 teste

1815 3533 2024 3601 Baccio,
2055 3535 2150 3588 lib.
2180 3537 2290 3598 VI,
2317 3554 2434 3606 pag.
2468 3538 2596 3605 298.
2621 3531 2744 3588 vide
2757 3545 2802 3586 et

1815 3614 1941 3668 Caet.
1973 3613 2324 3668 Aurelianum
2343 3655 2358 3680 ,
2389 3616 2594 3678 lib.IV,
2614 3635 2660 3668 c.
2679 3615 2723 3667 3.
2741 3611 2800 3664 Η.

1899 3693 1992 3757 34.
2041 3695 2280 3764 Quat-mm
2331 3697 2664 3748 cure-uulua...
2695 3693 2802 3744 obu'·

1815 3791 1983 3838 nuere,
1993 3786 2096 3828 etc.
2115 3775 2382 3840 Quartum
2396 3794 2590 3847 nempe
2599 3771 2800 3830 auctori·

1814 3855 1936 3908 tatis
1966 3871 2025 3907 ac
2055 3853 2346 3908 nobilitatis
2371 3855 2548 3910 locum
2570 3877 2582 3906 ι
2605 3857 2666 3908 ab
2686 3851 2800 3907 auri·

1814 3934 1894 4004 gis
1913 3932 2070 3988 ducta
2097 3935 2407 4006 metaphora
2424 3974 2441 4000 ‚
2479 3937 2570 4006 qui
2590 3953 2728 3990 curru
2747 3931 2796 3982 in

1815 4013 1976 4068 Circo
2007 4015 2296 4068 certabant.
2325 4011 2502 4074 Hanc.
