<?xml version="1.0" encoding="UTF-8"?>
<!DOCTYPE html PUBLIC "-//W3C//DTD XHTML 1.0 Transitional//EN"
    "http://www.w3.org/TR/xhtml1/DTD/xhtml1-transitional.dtd">
<html xmlns="http://www.w3.org/1999/xhtml" xml:lang="en" lang="en">
 <head>
  <title>
</title>
<meta http-equiv="Content-Type" content="text/html;charset=utf-8" />
  <meta name='ocr-system' content='tesseract 3.04.00' />
  <meta name='ocr-capabilities' content='ocr_page ocr_carea ocr_par ocr_line ocrx_word'/>
</head>
<body>
  <div class='ocr_page' id='page_1' title='image "./caiipliniisecun07plingoog_0503.png"; bbox 0 0 2984 5009; ppageno 0'>
   <div class='ocr_carea' id='block_1_1' title="bbox 637 412 2242 509">
    <p class='ocr_par' dir='ltr' id='par_1_1' title="bbox 637 412 2242 509">
     <span class='ocr_line' id='line_1_1' title="bbox 637 412 2242 509; baseline -0.006 -17"><span class='ocrx_word' id='word_1_1' title='bbox 637 417 792 509; x_wconf 77' lang='lat'><strong>486</strong></span> <span class='ocrx_word' id='word_1_2' title='bbox 1169 418 1245 485; x_wconf 86' lang='lat' dir='ltr'><strong>c.</strong></span> <span class='ocrx_word' id='word_1_3' title='bbox 1304 416 1652 486; x_wconf 78' lang='lat' dir='ltr'><strong>PL1N11</strong></span> <span class='ocrx_word' id='word_1_4' title='bbox 1707 412 1928 485; x_wconf 78' lang='grc' dir='ltr'><strong>ΝΑΤ.</strong></span> <span class='ocrx_word' id='word_1_5' title='bbox 1987 415 2242 484; x_wconf 84' lang='lat' dir='ltr'><strong>HIST.</strong></span> 
     </span>
    </p>
   </div>
   <div class='ocr_carea' id='block_1_2' title="bbox 576 546 2762 2671">
    <p class='ocr_par' dir='ltr' id='par_1_2' title="bbox 632 546 2753 857">
     <span class='ocr_line' id='line_1_2' title="bbox 632 546 2752 649; baseline -0.002 -27"><span class='ocrx_word' id='word_1_6' title='bbox 632 553 962 649; x_wconf 84' lang='lat' dir='ltr'><strong>gentium,</strong></span> <span class='ocrx_word' id='word_1_7' title='bbox 994 550 1193 621; x_wconf 82' lang='lat' dir='ltr'><strong>etiam</strong></span> <span class='ocrx_word' id='word_1_8' title='bbox 1232 572 1400 643; x_wconf 88' lang='lat' dir='ltr'><strong>pace</strong></span> <span class='ocrx_word' id='word_1_9' title='bbox 1430 546 1866 643; x_wconf 82' lang='lat' dir='ltr'><strong>gaudentium</strong></span> <span class='ocrx_word' id='word_1_10' title='bbox 1904 560 2187 617; x_wconf 84' lang='lat' dir='ltr'><strong>constat.</strong></span> <span class='ocrx_word' id='word_1_11' title='bbox 2223 546 2510 617; x_wconf 79' lang='lat' dir='ltr'>Necnon</span> <span class='ocrx_word' id='word_1_12' title='bbox 2545 562 2608 617; x_wconf 89' lang='lat' dir='ltr'><strong>et</strong></span> <span class='ocrx_word' id='word_1_13' title='bbox 2630 550 2752 618; x_wconf 87' lang='lat' dir='ltr'><strong>ino-</strong></span> 
     </span>
     <span class='ocr_line' id='line_1_3' title="bbox 634 652 2753 755; baseline -0.003 -26"><span class='ocrx_word' id='word_1_14' title='bbox 634 660 742 755; x_wconf 88' lang='lat' dir='ltr'><strong>pia</strong></span> <span class='ocrx_word' id='word_1_15' title='bbox 772 657 1041 751; x_wconf 74' lang='lat' dir='ltr'><strong>stugum</strong></span> <span class='ocrx_word' id='word_1_16' title='bbox 1069 654 1376 728; x_wconf 82' lang='lat' dir='ltr'><strong>arefactis</strong></span> <span class='ocrx_word' id='word_1_17' title='bbox 1410 652 1683 725; x_wconf 85' lang='lat' dir='ltr'><strong>molitur</strong></span> <span class='ocrx_word' id='word_1_18' title='bbox 1719 652 1970 739; x_wconf 87' lang='lat' dir='ltr'><strong>farina,</strong></span> <span class='ocrx_word' id='word_1_19' title='bbox 2012 654 2468 747; x_wconf 81' lang='lat' dir='ltr'><strong>spissaturque</strong></span> <span class='ocrx_word' id='word_1_20' title='bbox 2501 656 2566 722; x_wconf 91' lang='lat' dir='ltr'><strong>in</strong></span> <span class='ocrx_word' id='word_1_21' title='bbox 2589 657 2753 748; x_wconf 85' lang='lat' dir='ltr'><strong>panis</strong></span> 
     </span>
     <span class='ocr_line' id='line_1_4' title="bbox 632 757 2753 883; baseline -0.003 -46"><span class='ocrx_word' id='word_1_22' title='bbox 632 790 851 837; x_wconf 86' lang='lat' dir='ltr'><strong>usum.</strong></span> <span class='ocrx_word' id='word_1_23' title='bbox 888 762 1072 853; x_wconf 89' lang='lat' dir='ltr'><strong>Quin</strong></span> <span class='ocrx_word' id='word_1_24' title='bbox 1106 776 1175 833; x_wconf 91' lang='lat' dir='ltr'><strong>et</strong></span> <span class='ocrx_word' id='word_1_25' title='bbox 1211 762 1542 857; x_wconf 85' lang='lat' dir='ltr'><strong>hodieque</strong></span> <span class='ocrx_word' id='word_1_26' title='bbox 1575 786 1697 857; x_wconf 90' lang='lat' dir='ltr'><strong>per</strong></span> <span class='ocrx_word' id='word_1_27' title='bbox 1731 757 2160 883; x_wconf 82' lang='lat' dir='ltr'><strong>Hispanias,</strong></span> <span class='ocrx_word' id='word_1_28' title='bbox 2197 760 2505 830; x_wconf 85' lang='lat' dir='ltr'><strong>secundis</strong></span> <span class='ocrx_word' id='word_1_29' title='bbox 2537 762 2753 831; x_wconf 83' lang='lat' dir='ltr'><strong>mensis</strong></span> 
     </span>
    </p>

    <p class='ocr_par' dir='ltr' id='par_1_3' title="bbox 579 868 2755 1393">
     <span class='ocr_line' id='line_1_5' title="bbox 579 868 2749 969; baseline -0.003 -25"><span class='ocrx_word' id='word_1_30' title='bbox 579 909 588 918; x_wconf 96' lang='lat'><em>·</em></span> <span class='ocrx_word' id='word_1_31' title='bbox 635 871 823 969; x_wconf 86' lang='lat' dir='ltr'><strong>glans</strong></span> <span class='ocrx_word' id='word_1_32' title='bbox 861 871 1192 941; x_wconf 87' lang='lat' dir='ltr'><strong>inseritur.</strong></span> <span class='ocrx_word' id='word_1_33' title='bbox 1234 868 1518 940; x_wconf 86' lang='lat' dir='ltr'><strong>Dulcior</strong></span> <span class='ocrx_word' id='word_1_34' title='bbox 1551 868 1784 937; x_wconf 87' lang='lat' dir='ltr'><strong>eadem</strong></span> <span class='ocrx_word' id='word_1_35' title='bbox 1835 868 1903 935; x_wconf 89' lang='lat' dir='ltr'><strong>in</strong></span> <span class='ocrx_word' id='word_1_36' title='bbox 1959 868 2183 937; x_wconf 88' lang='lat' dir='ltr'><strong>cinere</strong></span> <span class='ocrx_word' id='word_1_37' title='bbox 2232 881 2430 937; x_wconf 84' lang='lat' dir='ltr'><strong>tosta.</strong></span> <span class='ocrx_word' id='word_1_38' title='bbox 2485 869 2749 937; x_wconf 82' lang='lat' dir='ltr'><strong>Cautum</strong></span> 
     </span>
     <span class='ocr_line' id='line_1_6' title="bbox 634 958 2749 1073; baseline -0.004 -23"><span class='ocrx_word' id='word_1_39' title='bbox 634 993 737 1050; x_wconf 85' lang='lat' dir='ltr'><strong>est</strong></span> <span class='ocrx_word' id='word_1_40' title='bbox 762 991 1125 1073; x_wconf 61' lang='lat' dir='ltr'><strong>praeterea,</strong></span> <span class='ocrx_word' id='word_1_41' title='bbox 1150 974 1297 1071; x_wconf 85' lang='lat' dir='ltr'><strong>lege</strong></span> <span class='ocrx_word' id='word_1_42' title='bbox 1330 1000 1437 1047; x_wconf 83' lang='lat' dir='ltr'><strong>xn</strong></span> <span class='ocrx_word' id='word_1_43' title='bbox 1470 958 1913 1053; x_wconf 43' lang='lat' dir='ltr'><strong>tabularum&amp;</strong></span> <span class='ocrx_word' id='word_1_44' title='bbox 1949 988 2027 1043; x_wconf 89' lang='lat' dir='ltr'><strong>ut</strong></span> <span class='ocrx_word' id='word_1_45' title='bbox 2055 971 2414 1069; x_wconf 83' lang='lat' dir='ltr'><strong>glandem</strong></span> <span class='ocrx_word' id='word_1_46' title='bbox 2395 1000 2466 1043; x_wconf 74' lang='lat' dir='ltr'><strong>in</strong></span> <span class='ocrx_word' id='word_1_47' title='bbox 2494 972 2749 1043; x_wconf 87' lang='lat' dir='ltr'><strong>alienum</strong></span> 
     </span>
     <span class='ocr_line' id='line_1_7' title="bbox 638 1077 2750 1178; baseline -0.004 -21"><span class='ocrx_word' id='word_1_48' title='bbox 638 1085 917 1157; x_wconf 88' lang='lat' dir='ltr'><strong>fundum</strong></span> <span class='ocrx_word' id='word_1_49' title='bbox 980 1082 1439 1178; x_wconf 83' lang='lat' dir='ltr'><strong>procidentem</strong></span> <span class='ocrx_word' id='word_1_50' title='bbox 1507 1080 1736 1151; x_wconf 86' lang='lat' dir='ltr'><strong>liceret</strong></span> <span class='ocrx_word' id='word_1_51' title='bbox 1807 1077 2137 1175; x_wconf 83' lang='lat' dir='ltr'><strong>colligere.</strong></span> <span class='ocrx_word' id='word_1_52' title='bbox 2207 1083 2478 1151; x_wconf 86' lang='lat' dir='ltr'><strong>Genera</strong></span> <span class='ocrx_word' id='word_1_53' title='bbox 2551 1104 2750 1149; x_wconf 86' lang='lat' dir='ltr'><strong>earum</strong></span> 
     </span>
     <span class='ocr_line' id='line_1_8' title="bbox 638 1174 2754 1282; baseline -0.003 -20"><span class='ocrx_word' id='word_1_54' title='bbox 638 1190 871 1262; x_wconf 85' lang='lat' dir='ltr'><strong>multa.</strong></span> <span class='ocrx_word' id='word_1_55' title='bbox 920 1192 1193 1261; x_wconf 84' lang='lat' dir='ltr'><strong>Distant</strong></span> <span class='ocrx_word' id='word_1_56' title='bbox 1230 1188 1491 1275; x_wconf 88' lang='lat' dir='ltr'><strong>fructu,</strong></span> <span class='ocrx_word' id='word_1_57' title='bbox 1535 1189 1699 1275; x_wconf 89' lang='lat' dir='ltr'><strong>situ,</strong></span> <span class='ocrx_word' id='word_1_58' title='bbox 1741 1212 1937 1271; x_wconf 82' lang='lat' dir='ltr'><strong>sexu,</strong></span> <span class='ocrx_word' id='word_1_59' title='bbox 1973 1174 2269 1281; x_wconf 77' lang='lat' dir='ltr'><strong>sapore⁴.</strong></span> <span class='ocrx_word' id='word_1_60' title='bbox 2312 1190 2616 1282; x_wconf 85' lang='lat' dir='ltr'><strong>Namque</strong></span> <span class='ocrx_word' id='word_1_61' title='bbox 2649 1186 2754 1255; x_wconf 85' lang='lat' dir='ltr'><strong>alia</strong></span> 
     </span>
     <span class='ocr_line' id='line_1_9' title="bbox 642 1292 2755 1393; baseline -0.003 -25"><span class='ocrx_word' id='word_1_62' title='bbox 642 1298 849 1393; x_wconf 79' lang='lat' dir='ltr'><strong>fageae</strong></span> <span class='ocrx_word' id='word_1_63' title='bbox 902 1294 1127 1391; x_wconf 83' lang='lat' dir='ltr'><strong>glandi</strong></span> <span class='ocrx_word' id='word_1_64' title='bbox 1170 1294 1386 1390; x_wconf 88' lang='lat' dir='ltr'><strong>figura</strong></span> <span class='ocrx_word' id='word_1_65' title='bbox 1400 1348 1423 1383; x_wconf 88' lang='lat'>‚</span> <span class='ocrx_word' id='word_1_66' title='bbox 1468 1294 1598 1365; x_wconf 86' lang='lat' dir='ltr'><strong>alia</strong></span> <span class='ocrx_word' id='word_1_67' title='bbox 1638 1318 1956 1389; x_wconf 83' lang='lat' dir='ltr'><strong>quernae‚</strong></span> <span class='ocrx_word' id='word_1_68' title='bbox 1993 1308 2062 1363; x_wconf 86' lang='lat' dir='ltr'><strong>et</strong></span> <span class='ocrx_word' id='word_1_69' title='bbox 2105 1292 2236 1362; x_wconf 85' lang='lat' dir='ltr'><strong>alia</strong></span> <span class='ocrx_word' id='word_1_70' title='bbox 2275 1292 2548 1389; x_wconf 84' lang='lat' dir='ltr'><strong>ilignae·</strong></span> <span class='ocrx_word' id='word_1_71' title='bbox 2584 1308 2755 1387; x_wconf 86' lang='lat' dir='ltr'><strong>atque</strong></span> 
     </span>
    </p>

    <p class='ocr_par' dir='ltr' id='par_1_4' title="bbox 576 1399 2762 2671">
     <span class='ocr_line' id='line_1_10' title="bbox 576 1399 2757 1497; baseline -0.001 -26"><span class='ocrx_word' id='word_1_72' title='bbox 576 1438 604 1471; x_wconf 73' lang='lat'>2</span> <span class='ocrx_word' id='word_1_73' title='bbox 642 1406 817 1480; x_wconf 87' lang='lat' dir='ltr'><strong>inter</strong></span> <span class='ocrx_word' id='word_1_74' title='bbox 838 1429 909 1473; x_wconf 89' lang='lat' dir='ltr'><strong>se</strong></span> <span class='ocrx_word' id='word_1_75' title='bbox 928 1426 1197 1497; x_wconf 85' lang='lat' dir='ltr'><strong>quoque</strong></span> <span class='ocrx_word' id='word_1_76' title='bbox 1224 1426 1542 1497; x_wconf 85' lang='lat' dir='ltr'><strong>generum</strong></span> <span class='ocrx_word' id='word_1_77' title='bbox 1571 1399 1982 1497; x_wconf 85' lang='lat' dir='ltr'><strong>singulorum</strong></span> <span class='ocrx_word' id='word_1_78' title='bbox 2015 1400 2429 1471; x_wconf 80' lang='lat' dir='ltr'><strong>differentiae.</strong></span> <span class='ocrx_word' id='word_1_79' title='bbox 2465 1404 2757 1471; x_wconf 83' lang='lat' dir='ltr'><strong>Praeterea</strong></span> 
     </span>
     <span class='ocr_line' id='line_1_11' title="bbox 644 1505 2756 1604; baseline -0.003 -20"><span class='ocrx_word' id='word_1_80' title='bbox 644 1525 803 1584; x_wconf 77' lang='lat' dir='ltr'><strong>sunt</strong></span> <span class='ocrx_word' id='word_1_81' title='bbox 842 1508 1073 1603; x_wconf 88' lang='lat' dir='ltr'><strong>aliquae</strong></span> <span class='ocrx_word' id='word_1_82' title='bbox 1107 1507 1473 1597; x_wconf 71' lang='lat' dir='ltr'><strong>silvestres»,</strong></span> <span class='ocrx_word' id='word_1_83' title='bbox 1515 1508 1659 1579; x_wconf 80' lang='lat' dir='ltr'><strong>aliae</strong></span> <span class='ocrx_word' id='word_1_84' title='bbox 1699 1506 2130 1604; x_wconf 56' lang='lat' dir='ltr'><strong>placidiora,</strong></span> <span class='ocrx_word' id='word_1_85' title='bbox 2187 1532 2336 1602; x_wconf 80' lang='lat' dir='ltr'><strong>quae</strong></span> <span class='ocrx_word' id='word_1_86' title='bbox 2385 1507 2562 1577; x_wconf 89' lang='lat' dir='ltr'><strong>culta</strong></span> <span class='ocrx_word' id='word_1_87' title='bbox 2605 1505 2756 1577; x_wconf 83' lang='lat' dir='ltr'><strong>ohti-</strong></span> 
     </span>
     <span class='ocr_line' id='line_1_12' title="bbox 646 1612 2758 1709; baseline -0.002 -22"><span class='ocrx_word' id='word_1_88' title='bbox 646 1632 827 1687; x_wconf 88' lang='lat' dir='ltr'><strong>nent.</strong></span> <span class='ocrx_word' id='word_1_89' title='bbox 871 1620 909 1685; x_wconf 86' lang='lat' dir='ltr'><strong>J</strong></span> <span class='ocrx_word' id='word_1_90' title='bbox 913 1640 1021 1685; x_wconf 87' lang='lat' dir='ltr'><strong>am</strong></span> <span class='ocrx_word' id='word_1_91' title='bbox 1060 1618 1266 1686; x_wconf 77' lang='lat' dir='ltr'><strong>etiam</strong></span> <span class='ocrx_word' id='word_1_92' title='bbox 1312 1617 1381 1685; x_wconf 88' lang='lat' dir='ltr'><strong>in</strong></span> <span class='ocrx_word' id='word_1_93' title='bbox 1430 1617 1798 1685; x_wconf 88' lang='lat' dir='ltr'><strong>montuosis</strong></span> <span class='ocrx_word' id='word_1_94' title='bbox 1815 1667 1835 1702; x_wconf 85' lang='lat'>‚</span> <span class='ocrx_word' id='word_1_95' title='bbox 1890 1612 2234 1709; x_wconf 88' lang='lat' dir='ltr'><strong>planisque</strong></span> <span class='ocrx_word' id='word_1_96' title='bbox 2273 1614 2524 1685; x_wconf 87' lang='lat' dir='ltr'><strong>distant</strong></span> <span class='ocrx_word' id='word_1_97' title='bbox 2557 1642 2572 1682; x_wconf 72' lang='grc' dir='ltr'><strong><em>ε</em></strong></span> <span class='ocrx_word' id='word_1_98' title='bbox 2615 1616 2758 1683; x_wconf 87' lang='lat' dir='ltr'><strong>sicut</strong></span> 
     </span>
     <span class='ocr_line' id='line_1_13' title="bbox 613 1720 2754 1816; baseline -0.003 -21"><span class='ocrx_word' id='word_1_99' title='bbox 613 1739 719 1795; x_wconf 89' lang='lat' dir='ltr'><strong>-et</strong></span> <span class='ocrx_word' id='word_1_100' title='bbox 752 1748 913 1793; x_wconf 84' lang='lat' dir='ltr'><strong>sexu</strong></span> <span class='ocrx_word' id='word_1_101' title='bbox 952 1746 1169 1791; x_wconf 87' lang='lat' dir='ltr'><strong>mares</strong></span> <span class='ocrx_word' id='word_1_102' title='bbox 1219 1746 1299 1792; x_wconf 92' lang='lat' dir='ltr'><strong>ac</strong></span> <span class='ocrx_word' id='word_1_103' title='bbox 1330 1721 1642 1792; x_wconf 66' lang='lat' dir='ltr'><strong>feminae:</strong></span> <span class='ocrx_word' id='word_1_104' title='bbox 1686 1724 1842 1791; x_wconf 88' lang='lat' dir='ltr'><strong>item</strong></span> <span class='ocrx_word' id='word_1_105' title='bbox 1889 1746 2144 1816; x_wconf 85' lang='lat' dir='ltr'><strong>sapore.</strong></span> <span class='ocrx_word' id='word_1_106' title='bbox 2194 1720 2595 1792; x_wconf 87' lang='lat' dir='ltr'><strong>Dulcissima</strong></span> <span class='ocrx_word' id='word_1_107' title='bbox 2639 1745 2754 1789; x_wconf 89' lang='lat' dir='ltr'><strong>om-</strong></span> 
     </span>
     <span class='ocr_line' id='line_1_14' title="bbox 650 1828 2757 1925; baseline -0.001 -26"><span class='ocrx_word' id='word_1_108' title='bbox 650 1831 837 1899; x_wconf 88' lang='lat' dir='ltr'><strong>nium</strong></span> <span class='ocrx_word' id='word_1_109' title='bbox 867 1828 1040 1925; x_wconf 85' lang='lat' dir='ltr'><strong>fagi,</strong></span> <span class='ocrx_word' id='word_1_110' title='bbox 1080 1843 1157 1897; x_wconf 89' lang='lat' dir='ltr'><strong>ut</strong></span> <span class='ocrx_word' id='word_1_111' title='bbox 1182 1854 1315 1923; x_wconf 90' lang='lat' dir='ltr'><strong>qua</strong></span> <span class='ocrx_word' id='word_1_112' title='bbox 1340 1828 1644 1899; x_wconf 81' lang='lat' dir='ltr'><strong>obsessos</strong></span> <span class='ocrx_word' id='word_1_113' title='bbox 1679 1832 1878 1899; x_wconf 84' lang='lat' dir='ltr'><strong>etiam</strong></span> <span class='ocrx_word' id='word_1_114' title='bbox 1915 1829 2220 1899; x_wconf 89' lang='lat' dir='ltr'><strong>homines</strong></span> <span class='ocrx_word' id='word_1_115' title='bbox 2254 1828 2580 1897; x_wconf 86' lang='lat' dir='ltr'><strong>durasse</strong></span> <span class='ocrx_word' id='word_1_116' title='bbox 2565 1854 2628 1895; x_wconf 86' lang='lat' dir='ltr'><strong>m</strong></span> <span class='ocrx_word' id='word_1_117' title='bbox 2661 1852 2757 1923; x_wconf 86' lang='lat' dir='ltr'><strong>op-</strong></span> 
     </span>
     <span class='ocr_line' id='line_1_15' title="bbox 651 1933 2758 2032; baseline -0.002 -26"><span class='ocrx_word' id='word_1_118' title='bbox 651 1936 809 2032; x_wconf 90' lang='lat' dir='ltr'><strong>pido</strong></span> <span class='ocrx_word' id='word_1_119' title='bbox 869 1936 1042 2007; x_wconf 88' lang='lat' dir='ltr'><strong>Chio</strong></span> <span class='ocrx_word' id='word_1_120' title='bbox 1100 1934 1321 2005; x_wconf 87' lang='lat' dir='ltr'><strong>tradat</strong></span> <span class='ocrx_word' id='word_1_121' title='bbox 1372 1933 1726 2005; x_wconf 86' lang='lat' dir='ltr'><strong>Cornelius</strong></span> <span class='ocrx_word' id='word_1_122' title='bbox 1777 1933 2172 2004; x_wconf 79' lang='lat' dir='ltr'><strong>Alexander.</strong></span> <span class='ocrx_word' id='word_1_123' title='bbox 2233 1938 2506 2005; x_wconf 85' lang='lat' dir='ltr'><strong>Genera</strong></span> <span class='ocrx_word' id='word_1_124' title='bbox 2555 1934 2758 2004; x_wconf 88' lang='lat' dir='ltr'><strong>distin·</strong></span> 
     </span>
     <span class='ocr_line' id='line_1_16' title="bbox 653 2028 2760 2139; baseline -0 -29"><span class='ocrx_word' id='word_1_125' title='bbox 653 2028 899 2139; x_wconf 84' lang='lat' dir='ltr'><strong>guere⁵</strong></span> <span class='ocrx_word' id='word_1_126' title='bbox 932 2067 1069 2111; x_wconf 90' lang='lat' dir='ltr'><strong>non</strong></span> <span class='ocrx_word' id='word_1_127' title='bbox 1101 2041 1299 2111; x_wconf 89' lang='lat' dir='ltr'><strong>datur</strong></span> <span class='ocrx_word' id='word_1_128' title='bbox 1334 2042 1748 2128; x_wconf 89' lang='lat' dir='ltr'><strong>nominibus,</strong></span> <span class='ocrx_word' id='word_1_129' title='bbox 1788 2066 1936 2135; x_wconf 82' lang='lat' dir='ltr'><strong>quae</strong></span> <span class='ocrx_word' id='word_1_130' title='bbox 1975 2056 2132 2111; x_wconf 88' lang='lat' dir='ltr'><strong>sunt</strong></span> <span class='ocrx_word' id='word_1_131' title='bbox 2155 2040 2282 2109; x_wconf 90' lang='lat' dir='ltr'><strong>alia</strong></span> <span class='ocrx_word' id='word_1_132' title='bbox 2309 2040 2486 2110; x_wconf 90' lang='lat' dir='ltr'><strong>alibi.</strong></span> <span class='ocrx_word' id='word_1_133' title='bbox 2527 2043 2760 2136; x_wconf 87' lang='lat' dir='ltr'><strong>Quippe</strong></span> 
     </span>
     <span class='ocr_line' id='line_1_17' title="bbox 652 2147 2758 2244; baseline -0.001 -25"><span class='ocrx_word' id='word_1_134' title='bbox 652 2173 859 2244; x_wconf 88' lang='lat' dir='ltr'><strong>quum</strong></span> <span class='ocrx_word' id='word_1_135' title='bbox 895 2148 1103 2217; x_wconf 91' lang='lat' dir='ltr'><strong>robur</strong></span> <span class='ocrx_word' id='word_1_136' title='bbox 1132 2172 1587 2242; x_wconf 90' lang='lat' dir='ltr'><strong>quercumque</strong></span> <span class='ocrx_word' id='word_1_137' title='bbox 1615 2147 1818 2242; x_wconf 81' lang='lat' dir='ltr'><strong>vulgo</strong></span> <span class='ocrx_word' id='word_1_138' title='bbox 1861 2150 2046 2217; x_wconf 81' lang='lat' dir='ltr'><strong>nasci</strong></span> <span class='ocrx_word' id='word_1_139' title='bbox 2084 2148 2472 2234; x_wconf 85' lang='lat' dir='ltr'><strong>videamus,</strong></span> <span class='ocrx_word' id='word_1_140' title='bbox 2499 2147 2758 2219; x_wconf 87' lang='lat' dir='ltr'><strong>esculum</strong></span> 
     </span>
     <span class='ocr_line' id='line_1_18' title="bbox 654 2254 2760 2350; baseline -0.001 -26"><span class='ocrx_word' id='word_1_141' title='bbox 654 2280 791 2325; x_wconf 90' lang='lat' dir='ltr'><strong>non</strong></span> <span class='ocrx_word' id='word_1_142' title='bbox 832 2255 1098 2350; x_wconf 89' lang='lat' dir='ltr'><strong>ubique.</strong></span> <span class='ocrx_word' id='word_1_143' title='bbox 1136 2255 1462 2344; x_wconf 86' lang='lat' dir='ltr'><strong>Quartam</strong></span> <span class='ocrx_word' id='word_1_144' title='bbox 1505 2280 1666 2324; x_wconf 86' lang='lat' dir='ltr'><strong>vero</strong></span> <span class='ocrx_word' id='word_1_145' title='bbox 1707 2256 1966 2349; x_wconf 85' lang='lat' dir='ltr'><strong>generis</strong></span> <span class='ocrx_word' id='word_1_146' title='bbox 2000 2254 2298 2349; x_wconf 87' lang='lat' dir='ltr'><strong>ejusdem</strong></span> <span class='ocrx_word' id='word_1_147' title='bbox 2323 2306 2343 2339; x_wconf 82' lang='lat'>,</span> <span class='ocrx_word' id='word_1_148' title='bbox 2379 2280 2529 2349; x_wconf 83' lang='lat' dir='ltr'><strong>quae</strong></span> <span class='ocrx_word' id='word_1_149' title='bbox 2569 2278 2760 2326; x_wconf 85' lang='lat' dir='ltr'><strong>cerrus</strong></span> 
     </span>
     <span class='ocr_line' id='line_1_19' title="bbox 655 2353 2762 2456; baseline -0.001 -26"><span class='ocrx_word' id='word_1_150' title='bbox 655 2375 970 2446; x_wconf 88' lang='lat' dir='ltr'><strong>vocatur,</strong></span> <span class='ocrx_word' id='word_1_151' title='bbox 1015 2353 1345 2431; x_wconf 54' lang='lat' dir='ltr'><strong>ne‘Italiae</strong></span> <span class='ocrx_word' id='word_1_152' title='bbox 1382 2361 1652 2456; x_wconf 90' lang='lat' dir='ltr'><strong>quidem</strong></span> <span class='ocrx_word' id='word_1_153' title='bbox 1698 2362 1949 2455; x_wconf 80' lang='lat' dir='ltr'><strong>majore</strong></span> <span class='ocrx_word' id='word_1_154' title='bbox 1997 2387 2078 2429; x_wconf 84' lang='lat' dir='ltr'><strong>ex</strong></span> <span class='ocrx_word' id='word_1_155' title='bbox 2125 2376 2313 2456; x_wconf 86' lang='lat' dir='ltr'><strong>parte</strong></span> <span class='ocrx_word' id='word_1_156' title='bbox 2355 2376 2584 2431; x_wconf 84' lang='lat' dir='ltr'><strong>notam</strong></span> <span class='ocrx_word' id='word_1_157' title='bbox 2627 2385 2762 2431; x_wconf 86' lang='lat' dir='ltr'><strong>esse.</strong></span> 
     </span>
     <span class='ocr_line' id='line_1_20' title="bbox 654 2468 2762 2564; baseline -0.002 -25"><span class='ocrx_word' id='word_1_158' title='bbox 654 2470 1161 2564; x_wconf 88' lang='lat' dir='ltr'><strong>Distinguemus</strong></span> <span class='ocrx_word' id='word_1_159' title='bbox 1218 2494 1379 2562; x_wconf 88' lang='lat' dir='ltr'><strong>ergo</strong></span> <span class='ocrx_word' id='word_1_160' title='bbox 1432 2470 1840 2564; x_wconf 89' lang='lat' dir='ltr'><strong>proprietate</strong></span> <span class='ocrx_word' id='word_1_161' title='bbox 1859 2522 1879 2556; x_wconf 94' lang='lat'><strong>,</strong></span> <span class='ocrx_word' id='word_1_162' title='bbox 1929 2484 2300 2562; x_wconf 88' lang='lat' dir='ltr'><strong>naturaque</strong></span> <span class='ocrx_word' id='word_1_163' title='bbox 2340 2494 2357 2535; x_wconf 70' lang='grc' dir='ltr'><strong><em>ε</em></strong></span> <span class='ocrx_word' id='word_1_164' title='bbox 2404 2483 2475 2538; x_wconf 89' lang='lat' dir='ltr'><strong>et</strong></span> <span class='ocrx_word' id='word_1_165' title='bbox 2527 2468 2639 2538; x_wconf 90' lang='lat' dir='ltr'><strong>ubi</strong></span> <span class='ocrx_word' id='word_1_166' title='bbox 2677 2490 2762 2535; x_wconf 88' lang='lat' dir='ltr'><strong>res</strong></span> 
     </span>
     <span class='ocr_line' id='line_1_21' title="bbox 655 2574 1842 2671; baseline -0.003 -26"><span class='ocrx_word' id='word_1_167' title='bbox 655 2590 889 2671; x_wconf 88' lang='lat' dir='ltr'><strong>coget,</strong></span> <span class='ocrx_word' id='word_1_168' title='bbox 933 2576 1134 2645; x_wconf 85' lang='lat' dir='ltr'><strong>etiam</strong></span> <span class='ocrx_word' id='word_1_169' title='bbox 1172 2576 1402 2669; x_wconf 76' lang='lat' dir='ltr'><strong>graecis</strong></span> <span class='ocrx_word' id='word_1_170' title='bbox 1442 2574 1842 2644; x_wconf 89' lang='lat' dir='ltr'><strong>nominibus.</strong></span> 
     </span>
    </p>
   </div>
   <div class='ocr_carea' id='block_1_3' title="bbox 574 2746 2766 4095">
    <p class='ocr_par' dir='ltr' id='par_1_5' title="bbox 574 2746 2766 4095">
     <span class='ocr_line' id='line_1_22' title="bbox 741 2746 2761 2819; baseline -0.004 -14"><span class='ocrx_word' id='word_1_171' title='bbox 741 2750 907 2805; x_wconf 77' lang='lat' dir='ltr'><strong>a-Per</strong></span> <span class='ocrx_word' id='word_1_172' title='bbox 928 2748 1214 2818; x_wconf 74' lang='lat' dir='ltr'><strong>Hispanias,</strong></span> <span class='ocrx_word' id='word_1_173' title='bbox 1244 2748 1461 2799; x_wconf 76' lang='lat' dir='ltr'><strong>secundis</strong></span> <span class='ocrx_word' id='word_1_174' title='bbox 1477 2752 1680 2813; x_wconf 75' lang='lat' dir='ltr'><strong>niensis,</strong></span> <span class='ocrx_word' id='word_1_175' title='bbox 1768 2765 2068 2819; x_wconf 83' lang='lat' dir='ltr'><strong>quercuum</strong></span> <span class='ocrx_word' id='word_1_176' title='bbox 2105 2746 2390 2817; x_wconf 79' lang='lat' dir='ltr'><strong>generibus</strong></span> <span class='ocrx_word' id='word_1_177' title='bbox 2411 2785 2429 2811; x_wconf 87' lang='lat'><strong>‚</strong></span> <span class='ocrx_word' id='word_1_178' title='bbox 2467 2746 2761 2801; x_wconf 81' lang='lat' dir='ltr'><strong>nominihus·</strong></span> 
     </span>
     <span class='ocr_line' id='line_1_23' title="bbox 656 2824 2762 2899; baseline -0.003 -16"><span class='ocrx_word' id='word_1_179' title='bbox 656 2840 759 2883; x_wconf 80' lang='lat' dir='ltr'><strong>etc.</strong></span> <span class='ocrx_word' id='word_1_180' title='bbox 778 2828 847 2882; x_wconf 87' lang='lat' dir='ltr'><strong>In</strong></span> <span class='ocrx_word' id='word_1_181' title='bbox 861 2827 1051 2881; x_wconf 72' lang='lat' dir='ltr'><strong>Boetica</strong></span> <span class='ocrx_word' id='word_1_182' title='bbox 1070 2863 1085 2885; x_wconf 83' lang='lat'><strong>.</strong></span> <span class='ocrx_word' id='word_1_183' title='bbox 1116 2826 1463 2879; x_wconf 77' lang='lat' dir='ltr'><strong>C&#39;Andalouse&#39;e</strong></span> <span class='ocrx_word' id='word_1_184' title='bbox 1478 2865 1495 2891; x_wconf 90' lang='lat'>‚</span> <span class='ocrx_word' id='word_1_185' title='bbox 1522 2829 1685 2881; x_wconf 79' lang='lat' dir='ltr'><strong>maxi·</strong></span> <span class='ocrx_word' id='word_1_186' title='bbox 1769 2845 1893 2899; x_wconf 89' lang='lat' dir='ltr'><strong>que.</strong></span> <span class='ocrx_word' id='word_1_187' title='bbox 1921 2824 2206 2897; x_wconf 83' lang='lat' dir='ltr'><strong>Nos,quid</strong></span> <span class='ocrx_word' id='word_1_188' title='bbox 2224 2826 2540 2894; x_wconf 77' lang='lat' dir='ltr'><strong>sentiamus,</strong></span> <span class='ocrx_word' id='word_1_189' title='bbox 2565 2828 2762 2881; x_wconf 77' lang='lat' dir='ltr'><strong>breviter</strong></span> 
     </span>
     <span class='ocr_line' id='line_1_24' title="bbox 658 2904 2762 2979; baseline -0.002 -17"><span class='ocrx_word' id='word_1_190' title='bbox 658 2926 746 2962; x_wconf 88' lang='lat' dir='ltr'><strong>me</strong></span> <span class='ocrx_word' id='word_1_191' title='bbox 766 2908 999 2961; x_wconf 85' lang='lat' dir='ltr'><strong>nascitur</strong></span> <span class='ocrx_word' id='word_1_192' title='bbox 1036 2906 1183 2979; x_wconf 79' lang='lat' dir='ltr'><strong>glans</strong></span> <span class='ocrx_word' id='word_1_193' title='bbox 1204 2906 1297 2960; x_wconf 84' lang='lat' dir='ltr'><strong>illa</strong></span> <span class='ocrx_word' id='word_1_194' title='bbox 1331 2904 1533 2973; x_wconf 84' lang='lat' dir='ltr'><strong>dulcis,</strong></span> <span class='ocrx_word' id='word_1_195' title='bbox 1565 2927 1684 2979; x_wconf 75' lang='lat' dir='ltr'><strong>qtoe</strong></span> <span class='ocrx_word' id='word_1_196' title='bbox 1772 2907 1991 2961; x_wconf 86' lang='lat' dir='ltr'><strong>interim</strong></span> <span class='ocrx_word' id='word_1_197' title='bbox 2037 2906 2323 2977; x_wconf 85' lang='lat' dir='ltr'><strong>aperimus.</strong></span> <span class='ocrx_word' id='word_1_198' title='bbox 2383 2908 2570 2961; x_wconf 86' lang='lat' dir='ltr'><strong>Robur</strong></span> <span class='ocrx_word' id='word_1_199' title='bbox 2607 2907 2762 2960; x_wconf 83' lang='lat' dir='ltr'><strong>Theo-</strong></span> 
     </span>
     <span class='ocr_line' id='line_1_25' title="bbox 656 2982 2764 3061; baseline -0.001 -20"><span class='ocrx_word' id='word_1_200' title='bbox 656 3006 757 3060; x_wconf 86' lang='lat' dir='ltr'><strong>per</strong></span> <span class='ocrx_word' id='word_1_201' title='bbox 798 3000 967 3042; x_wconf 84' lang='lat' dir='ltr'><strong>totam</strong></span> <span class='ocrx_word' id='word_1_202' title='bbox 1004 2986 1311 3061; x_wconf 74' lang='lat' dir='ltr'><strong>Hispaniam</strong></span> <span class='ocrx_word' id='word_1_203' title='bbox 1352 2988 1685 3058; x_wconf 77' lang='lat' dir='ltr'><strong>magnatibus</strong></span> <span class='ocrx_word' id='word_1_204' title='bbox 1771 2988 1990 3059; x_wconf 80' lang='lat' dir='ltr'><strong>phrasto</strong></span> <span class='ocrx_word' id='word_1_205' title='bbox 2016 2982 2134 3057; x_wconf 76' lang='grc' dir='ltr'><strong>δρῦς</strong></span> <span class='ocrx_word' id='word_1_206' title='bbox 2163 2987 2311 3058; x_wconf 75' lang='grc' dir='ltr'>ἀγρία</span> <span class='ocrx_word' id='word_1_207' title='bbox 2339 3000 2445 3049; x_wconf 84' lang='lat' dir='ltr'><strong>est,</strong></span> <span class='ocrx_word' id='word_1_208' title='bbox 2496 3006 2592 3043; x_wconf 87' lang='lat' dir='ltr'><strong>nec</strong></span> <span class='ocrx_word' id='word_1_209' title='bbox 2631 2982 2764 3039; x_wconf 73' lang='lat' dir='ltr'><strong>habe</strong></span> 
     </span>
     <span class='ocr_line' id='line_1_26' title="bbox 659 3064 2766 3139; baseline -0.001 -18"><span class='ocrx_word' id='word_1_210' title='bbox 659 3067 806 3121; x_wconf 89' lang='lat' dir='ltr'><strong>dono</strong></span> <span class='ocrx_word' id='word_1_211' title='bbox 852 3065 1102 3121; x_wconf 84' lang='lat' dir='ltr'><strong>mittitur.</strong></span> <span class='ocrx_word' id='word_1_212' title='bbox 1142 3064 1424 3139; x_wconf 83' lang='lat' dir='ltr'><strong>Hodieque</strong></span> <span class='ocrx_word' id='word_1_213' title='bbox 1474 3069 1684 3122; x_wconf 79' lang='lat' dir='ltr'><strong>venales</strong></span> <span class='ocrx_word' id='word_1_214' title='bbox 1753 3066 1826 3137; x_wconf 52' lang='lat' dir='ltr'><strong>⁶in</strong></span> <span class='ocrx_word' id='word_1_215' title='bbox 1871 3066 2056 3137; x_wconf 79' lang='lat' dir='ltr'><strong>gallica</strong></span> <span class='ocrx_word' id='word_1_216' title='bbox 2085 3066 2263 3138; x_wconf 80' lang='lat' dir='ltr'><strong>lingua</strong></span> <span class='ocrx_word' id='word_1_217' title='bbox 2284 3085 2628 3121; x_wconf 77' lang='lat' dir='ltr'><strong>nomenznec</strong></span> <span class='ocrx_word' id='word_1_218' title='bbox 2651 3082 2766 3119; x_wconf 73' lang='lat' dir='ltr'><strong>reco-</strong></span> 
     </span>
     <span class='ocr_line' id='line_1_27' title="bbox 658 3144 2764 3219; baseline -0.002 -18"><span class='ocrx_word' id='word_1_219' title='bbox 658 3147 989 3201; x_wconf 73' lang='lat' dir='ltr'><strong>Salmanticae</strong></span> <span class='ocrx_word' id='word_1_220' title='bbox 1008 3159 1061 3201; x_wconf 91' lang='lat' dir='ltr'><strong>et</strong></span> <span class='ocrx_word' id='word_1_221' title='bbox 1082 3146 1210 3199; x_wconf 82' lang='lat' dir='ltr'><strong>alibi</strong></span> <span class='ocrx_word' id='word_1_222' title='bbox 1237 3146 1464 3200; x_wconf 84' lang='lat' dir='ltr'><strong>Octobri</strong></span> <span class='ocrx_word' id='word_1_223' title='bbox 1501 3166 1680 3203; x_wconf 86' lang='lat' dir='ltr'><strong>mense</strong></span> <span class='ocrx_word' id='word_1_224' title='bbox 1767 3160 1920 3219; x_wconf 84' lang='lat' dir='ltr'><strong>ptum</strong></span> <span class='ocrx_word' id='word_1_225' title='bbox 1945 3164 2044 3198; x_wconf 86' lang='lat' dir='ltr'><strong>usu</strong></span> <span class='ocrx_word' id='word_1_226' title='bbox 2072 3157 2149 3199; x_wconf 77' lang='lat' dir='ltr'><strong>est</strong></span> <span class='ocrx_word' id='word_1_227' title='bbox 2166 3186 2183 3211; x_wconf 90' lang='lat'><em>,</em></span> <span class='ocrx_word' id='word_1_228' title='bbox 2215 3144 2363 3219; x_wconf 88' lang='lat' dir='ltr'><strong>quod</strong></span> <span class='ocrx_word' id='word_1_229' title='bbox 2381 3147 2600 3219; x_wconf 76' lang='lat' dir='ltr'><strong>qnidam</strong></span> <span class='ocrx_word' id='word_1_230' title='bbox 2623 3144 2764 3199; x_wconf 82' lang='lat' dir='ltr'><strong>incul-</strong></span> 
     </span>
     <span class='ocr_line' id='line_1_28' title="bbox 656 3224 2764 3301; baseline 0 -20"><span class='ocrx_word' id='word_1_231' title='bbox 656 3238 1199 3301; x_wconf 84' lang='lat' dir='ltr'><strong>proponuntur,teste</strong></span> <span class='ocrx_word' id='word_1_232' title='bbox 1217 3226 1337 3281; x_wconf 81' lang='lat' dir='ltr'><strong>Car.</strong></span> <span class='ocrx_word' id='word_1_233' title='bbox 1354 3227 1558 3281; x_wconf 81' lang='lat' dir='ltr'><strong>Clusio.</strong></span> <span class='ocrx_word' id='word_1_234' title='bbox 1571 3230 1676 3281; x_wconf 81' lang='lat' dir='ltr'><strong>En.</strong></span> <span class='ocrx_word' id='word_1_235' title='bbox 1768 3238 1916 3292; x_wconf 86' lang='lat' dir='ltr'><strong>cant,</strong></span> <span class='ocrx_word' id='word_1_236' title='bbox 1957 3227 2003 3276; x_wconf 82' lang='lat' dir='ltr'><strong>le</strong></span> <span class='ocrx_word' id='word_1_237' title='bbox 2049 3246 2205 3281; x_wconf 74' lang='lat' dir='ltr'><strong>mure.</strong></span> <span class='ocrx_word' id='word_1_238' title='bbox 2227 3224 2236 3235; x_wconf 84' lang='grc'><em>“</em></span> <span class='ocrx_word' id='word_1_239' title='bbox 2257 3226 2532 3294; x_wconf 77' lang='lat' dir='ltr'><strong>Quercus,</strong></span> <span class='ocrx_word' id='word_1_240' title='bbox 2582 3229 2612 3285; x_wconf 70' lang='grc' dir='ltr'><strong>ἦ</strong></span> <span class='ocrx_word' id='word_1_241' title='bbox 2645 3226 2764 3296; x_wconf 71' lang='grc' dir='ltr'>φηγὸς</span> 
     </span>
     <span class='ocr_line' id='line_1_29' title="bbox 737 3304 2764 3379; baseline -0.003 -18"><span class='ocrx_word' id='word_1_242' title='bbox 737 3308 931 3379; x_wconf 59' lang='lat' dir='ltr'><strong>&amp;Lege</strong></span> <span class='ocrx_word' id='word_1_243' title='bbox 946 3308 1011 3361; x_wconf 86' lang='grc' dir='ltr'><em>Χ</em></span> <span class='ocrx_word' id='word_1_244' title='bbox 1008 3308 1071 3359; x_wconf 88' lang='grc' dir='ltr'><strong>ΙΙ</strong></span> <span class='ocrx_word' id='word_1_245' title='bbox 1082 3306 1374 3361; x_wconf 77' lang='lat' dir='ltr'><strong>tabularum.</strong></span> <span class='ocrx_word' id='word_1_246' title='bbox 1390 3306 1678 3374; x_wconf 68' lang='lat' dir='ltr'><strong>Rasvardus</strong></span> <span class='ocrx_word' id='word_1_247' title='bbox 1769 3306 2145 3377; x_wconf 84' lang='lat' dir='ltr'><strong>Theophrasto</strong></span> <span class='ocrx_word' id='word_1_248' title='bbox 2168 3340 2185 3367; x_wconf 94' lang='lat'>,</span> <span class='ocrx_word' id='word_1_249' title='bbox 2224 3308 2269 3359; x_wconf 80' lang='lat' dir='ltr'><strong>le</strong></span> <span class='ocrx_word' id='word_1_250' title='bbox 2307 3308 2478 3375; x_wconf 73' lang='lat' dir='ltr'><strong>grand</strong></span> <span class='ocrx_word' id='word_1_251' title='bbox 2513 3308 2660 3361; x_wconf 58' lang='lat' dir='ltr'><strong>cheae.</strong></span> <span class='ocrx_word' id='word_1_252' title='bbox 2685 3304 2764 3356; x_wconf 70' lang='lat' dir='ltr'><strong>F·-</strong></span> 
     </span>
     <span class='ocr_line' id='line_1_30' title="bbox 655 3384 2762 3459; baseline -0.002 -19"><span class='ocrx_word' id='word_1_253' title='bbox 655 3387 712 3440; x_wconf 85' lang='lat' dir='ltr'><strong>in</strong></span> <span class='ocrx_word' id='word_1_254' title='bbox 738 3387 855 3459; x_wconf 78' lang='lat' dir='ltr'><strong>lege</strong></span> <span class='ocrx_word' id='word_1_255' title='bbox 892 3387 1003 3441; x_wconf 86' lang='lat' dir='ltr'><strong>x11</strong></span> <span class='ocrx_word' id='word_1_256' title='bbox 1041 3386 1338 3440; x_wconf 80' lang='lat' dir='ltr'><strong>tabularum</strong></span> <span class='ocrx_word' id='word_1_257' title='bbox 1357 3425 1373 3450; x_wconf 86' lang='lat'><strong>,</strong></span> <span class='ocrx_word' id='word_1_258' title='bbox 1417 3405 1534 3458; x_wconf 84' lang='lat' dir='ltr'><strong>cap.</strong></span> <span class='ocrx_word' id='word_1_259' title='bbox 1585 3392 1676 3442; x_wconf 76' lang='lat'><strong>26.</strong></span> <span class='ocrx_word' id='word_1_260' title='bbox 1765 3404 1863 3457; x_wconf 81' lang='lat' dir='ltr'><strong>gus</strong></span> <span class='ocrx_word' id='word_1_261' title='bbox 1887 3386 2228 3449; x_wconf 59' lang='lat' dir='ltr'><strong>latinorum,</strong></span> <span class='ocrx_word' id='word_1_262' title='bbox 2257 3386 2632 3458; x_wconf 75' lang='lat' dir='ltr'><strong>Theophrasto</strong></span> <span class='ocrx_word' id='word_1_263' title='bbox 2659 3384 2762 3453; x_wconf 77' lang='grc' dir='ltr'><strong>αἰγί-</strong></span> 
     </span>
     <span class='ocr_line' id='line_1_31' title="bbox 736 3464 2758 3536; baseline -0.002 -16"><span class='ocrx_word' id='word_1_264' title='bbox 736 3474 789 3531; x_wconf 72' lang='grc'><strong>4.</strong></span> <span class='ocrx_word' id='word_1_265' title='bbox 819 3467 1145 3535; x_wconf 60' lang='lat' dir='ltr'><strong>Disafmctu.</strong></span> <span class='ocrx_word' id='word_1_266' title='bbox 1166 3465 1393 3522; x_wconf 77' lang='lat' dir='ltr'><strong>Fructu:</strong></span> <span class='ocrx_word' id='word_1_267' title='bbox 1418 3468 1681 3523; x_wconf 82' lang='lat' dir='ltr'><strong>silvestres</strong></span> <span class='ocrx_word' id='word_1_268' title='bbox 1764 3466 1870 3536; x_wconf 81' lang='grc' dir='ltr'><strong>λωψ</strong></span> <span class='ocrx_word' id='word_1_269' title='bbox 1887 3504 1904 3531; x_wconf 83' lang='grc'><em>,</em></span> <span class='ocrx_word' id='word_1_270' title='bbox 1917 3468 1962 3518; x_wconf 76' lang='lat' dir='ltr'><strong>Ie</strong></span> <span class='ocrx_word' id='word_1_271' title='bbox 1975 3466 2104 3519; x_wconf 64' lang='lat' dir='ltr'><strong>laem</strong></span> <span class='ocrx_word' id='word_1_272' title='bbox 2118 3506 2135 3533; x_wconf 89' lang='lat'><strong>,</strong></span> <span class='ocrx_word' id='word_1_273' title='bbox 2153 3484 2226 3519; x_wconf 88' lang='lat' dir='ltr'><strong>ou</strong></span> <span class='ocrx_word' id='word_1_274' title='bbox 2242 3468 2286 3519; x_wconf 82' lang='lat' dir='ltr'><strong>le</strong></span> <span class='ocrx_word' id='word_1_275' title='bbox 2295 3468 2523 3533; x_wconf 77' lang='lat' dir='ltr'><strong>fouteau.</strong></span> <span class='ocrx_word' id='word_1_276' title='bbox 2541 3464 2758 3526; x_wconf 62' lang='lat' dir='ltr'><strong>Exulat,</strong></span> 
     </span>
     <span class='ocr_line' id='line_1_32' title="bbox 654 3545 2760 3618; baseline -0.002 -19"><span class='ocrx_word' id='word_1_277' title='bbox 654 3547 797 3601; x_wconf 82' lang='lat' dir='ltr'><strong>enim</strong></span> <span class='ocrx_word' id='word_1_278' title='bbox 837 3548 953 3601; x_wconf 63' lang='lat' dir='ltr'><strong>alin</strong></span> <span class='ocrx_word' id='word_1_279' title='bbox 991 3560 1142 3610; x_wconf 84' lang='lat' dir='ltr'><strong>sunt,</strong></span> <span class='ocrx_word' id='word_1_280' title='bbox 1184 3547 1298 3600; x_wconf 77' lang='lat' dir='ltr'><strong>alise</strong></span> <span class='ocrx_word' id='word_1_281' title='bbox 1330 3546 1581 3618; x_wconf 66' lang='lat' dir='ltr'><strong>placida,</strong></span> <span class='ocrx_word' id='word_1_282' title='bbox 1622 3560 1680 3599; x_wconf 90' lang='lat' dir='ltr'><strong>et</strong></span> <span class='ocrx_word' id='word_1_283' title='bbox 1765 3545 2173 3616; x_wconf 71' lang='lat' dir='ltr'><strong>&#39;I‘heophrast0‚</strong></span> <span class='ocrx_word' id='word_1_284' title='bbox 2201 3547 2399 3617; x_wconf 73' lang='grc' dir='ltr'>ἡμερὶς,</span> <span class='ocrx_word' id='word_1_285' title='bbox 2428 3548 2602 3618; x_wconf 76' lang='lat' dir='ltr'><strong>lepetit</strong></span> <span class='ocrx_word' id='word_1_286' title='bbox 2618 3546 2760 3605; x_wconf 59' lang='lat' dir='ltr'><strong>chene,</strong></span> 
     </span>
     <span class='ocr_line' id='line_1_33' title="bbox 652 3624 2760 3697; baseline -0.001 -19"><span class='ocrx_word' id='word_1_287' title='bbox 652 3628 887 3681; x_wconf 87' lang='lat' dir='ltr'><strong>mitiores</strong></span> <span class='ocrx_word' id='word_1_288' title='bbox 914 3646 928 3679; x_wconf 90' lang='lat'>:</span> <span class='ocrx_word' id='word_1_289' title='bbox 957 3638 1011 3681; x_wconf 89' lang='lat' dir='ltr'><strong>et</strong></span> <span class='ocrx_word' id='word_1_290' title='bbox 1036 3628 1435 3680; x_wconf 83' lang='lat' dir='ltr'><strong>omniuminter</strong></span> <span class='ocrx_word' id='word_1_291' title='bbox 1454 3644 1512 3679; x_wconf 87' lang='lat' dir='ltr'><strong>se</strong></span> <span class='ocrx_word' id='word_1_292' title='bbox 1541 3626 1677 3697; x_wconf 74' lang='lat' dir='ltr'><strong>figu-</strong></span> <span class='ocrx_word' id='word_1_293' title='bbox 1763 3637 1824 3677; x_wconf 87' lang='lat' dir='ltr'><strong>ut</strong></span> <span class='ocrx_word' id='word_1_294' title='bbox 1849 3624 2088 3679; x_wconf 79' lang='lat' dir='ltr'><strong>dicemus</strong></span> <span class='ocrx_word' id='word_1_295' title='bbox 2135 3644 2254 3697; x_wconf 83' lang='lat' dir='ltr'><strong>cap.</strong></span> <span class='ocrx_word' id='word_1_296' title='bbox 2281 3629 2335 3681; x_wconf 82' lang='lat'><strong>8.</strong></span> <span class='ocrx_word' id='word_1_297' title='bbox 2377 3628 2600 3685; x_wconf 81' lang='lat' dir='ltr'><strong>Cen-us,</strong></span> <span class='ocrx_word' id='word_1_298' title='bbox 2636 3624 2760 3687; x_wconf 74' lang='grc' dir='ltr'>ὄξύιιτ</span> 
     </span>
     <span class='ocr_line' id='line_1_34' title="bbox 651 3703 2758 3776; baseline -0.001 -19"><span class='ocrx_word' id='word_1_299' title='bbox 651 3723 709 3758; x_wconf 84' lang='lat' dir='ltr'><strong>ra</strong></span> <span class='ocrx_word' id='word_1_300' title='bbox 749 3703 943 3776; x_wconf 84' lang='lat' dir='ltr'><strong>dispar.</strong></span> <span class='ocrx_word' id='word_1_301' title='bbox 972 3705 1086 3760; x_wconf 84' lang='lat' dir='ltr'><strong>Situ</strong></span> <span class='ocrx_word' id='word_1_302' title='bbox 1132 3726 1147 3757; x_wconf 74' lang='grc' dir='ltr'><em>ε</em></span> <span class='ocrx_word' id='word_1_303' title='bbox 1188 3724 1313 3759; x_wconf 86' lang='lat' dir='ltr'><strong>nam</strong></span> <span class='ocrx_word' id='word_1_304' title='bbox 1354 3706 1468 3759; x_wconf 81' lang='lat' dir='ltr'><strong>aliae</strong></span> <span class='ocrx_word' id='word_1_305' title='bbox 1517 3726 1674 3759; x_wconf 86' lang='lat' dir='ltr'><strong>mon·</strong></span> <span class='ocrx_word' id='word_1_306' title='bbox 1759 3723 1860 3757; x_wconf 89' lang='lat' dir='ltr'><strong>nec</strong></span> <span class='ocrx_word' id='word_1_307' title='bbox 1887 3719 2068 3759; x_wconf 83' lang='lat' dir='ltr'><strong>ortum</strong></span> <span class='ocrx_word' id='word_1_308' title='bbox 2105 3706 2160 3759; x_wconf 88' lang='lat' dir='ltr'><strong>in</strong></span> <span class='ocrx_word' id='word_1_309' title='bbox 2204 3706 2408 3770; x_wconf 79' lang='lat' dir='ltr'><strong>Gallia,</strong></span> <span class='ocrx_word' id='word_1_310' title='bbox 2458 3726 2558 3760; x_wconf 89' lang='lat' dir='ltr'><strong>nec</strong></span> <span class='ocrx_word' id='word_1_311' title='bbox 2595 3719 2758 3757; x_wconf 84' lang='lat' dir='ltr'><strong>nomen</strong></span> 
     </span>
     <span class='ocr_line' id='line_1_35' title="bbox 650 3784 2754 3859; baseline 0.002 -23"><span class='ocrx_word' id='word_1_312' title='bbox 650 3786 815 3839; x_wconf 83' lang='lat' dir='ltr'><strong>tuosis</strong></span> <span class='ocrx_word' id='word_1_313' title='bbox 843 3785 1001 3850; x_wconf 88' lang='lat' dir='ltr'><strong>locis,</strong></span> <span class='ocrx_word' id='word_1_314' title='bbox 1041 3787 1157 3839; x_wconf 68' lang='lat' dir='ltr'><strong>alin</strong></span> <span class='ocrx_word' id='word_1_315' title='bbox 1202 3786 1371 3856; x_wconf 81' lang='lat' dir='ltr'><strong>planis</strong></span> <span class='ocrx_word' id='word_1_316' title='bbox 1412 3785 1666 3859; x_wconf 79' lang='lat' dir='ltr'><strong>gaudent.</strong></span> <span class='ocrx_word' id='word_1_317' title='bbox 1760 3784 1934 3838; x_wconf 82' lang='lat' dir='ltr'><strong>habet.</strong></span> <span class='ocrx_word' id='word_1_318' title='bbox 1989 3786 2131 3850; x_wconf 85' lang='lat' dir='ltr'><strong>Ilex,</strong></span> <span class='ocrx_word' id='word_1_319' title='bbox 2178 3784 2548 3857; x_wconf 86' lang='lat' dir='ltr'><strong>Theophrasto</strong></span> <span class='ocrx_word' id='word_1_320' title='bbox 2581 3786 2754 3855; x_wconf 69' lang='grc' dir='ltr'>πρῖνος</span> 
     </span>
     <span class='ocr_line' id='line_1_36' title="bbox 574 3864 2754 3936; baseline -0.001 -21"><span class='ocrx_word' id='word_1_321' title='bbox 574 3930 581 3933; x_wconf 36' lang='grc'>-</span> <span class='ocrx_word' id='word_1_322' title='bbox 648 3864 787 3919; x_wconf 83' lang='lat' dir='ltr'><strong>Sexu</strong></span> <span class='ocrx_word' id='word_1_323' title='bbox 822 3882 835 3917; x_wconf 76' lang='grc' dir='ltr'>ε</span> <span class='ocrx_word' id='word_1_324' title='bbox 880 3882 1047 3919; x_wconf 83' lang='lat' dir='ltr'><strong>mares</strong></span> <span class='ocrx_word' id='word_1_325' title='bbox 1088 3878 1145 3919; x_wconf 85' lang='lat' dir='ltr'><strong>et</strong></span> <span class='ocrx_word' id='word_1_326' title='bbox 1186 3864 1413 3921; x_wconf 66' lang='lat' dir='ltr'><strong>femina.</strong></span> <span class='ocrx_word' id='word_1_327' title='bbox 1465 3867 1534 3920; x_wconf 84' lang='lat' dir='ltr'><strong>H.</strong></span> <span class='ocrx_word' id='word_1_328' title='bbox 1758 3864 1858 3915; x_wconf 83' lang='lat' dir='ltr'><strong>l&#39;e</strong></span> <span class='ocrx_word' id='word_1_329' title='bbox 1792 3885 1940 3936; x_wconf 76' lang='lat' dir='ltr'><strong>reeus</strong></span> <span class='ocrx_word' id='word_1_330' title='bbox 1961 3905 1977 3931; x_wconf 89' lang='lat'>,</span> <span class='ocrx_word' id='word_1_331' title='bbox 2017 3884 2088 3918; x_wconf 90' lang='lat' dir='ltr'><strong>ou</strong></span> <span class='ocrx_word' id='word_1_332' title='bbox 2124 3866 2267 3918; x_wconf 66' lang='lat' dir='ltr'><strong>elene</strong></span> <span class='ocrx_word' id='word_1_333' title='bbox 2295 3867 2435 3919; x_wconf 78' lang='lat' dir='ltr'><strong>ver-d.</strong></span> <span class='ocrx_word' id='word_1_334' title='bbox 2466 3864 2664 3919; x_wconf 69' lang='lat' dir='ltr'><strong>Hociis</strong></span> <span class='ocrx_word' id='word_1_335' title='bbox 2679 3878 2754 3913; x_wconf 88' lang='lat' dir='ltr'><strong>no·</strong></span> 
     </span>
     <span class='ocr_line' id='line_1_37' title="bbox 730 3943 2746 4019; baseline 0 -20"><span class='ocrx_word' id='word_1_336' title='bbox 730 3946 782 3999; x_wconf 86' lang='lat'><strong>5.</strong></span> <span class='ocrx_word' id='word_1_337' title='bbox 815 3944 1007 3999; x_wconf 79' lang='lat' dir='ltr'><strong>Gemm</strong></span> <span class='ocrx_word' id='word_1_338' title='bbox 1037 3947 1350 4015; x_wconf 72' lang='lat' dir='ltr'><strong>distinguere.</strong></span> <span class='ocrx_word' id='word_1_339' title='bbox 1386 3946 1668 4019; x_wconf 83' lang='lat' dir='ltr'><strong>Hodieque</strong></span> <span class='ocrx_word' id='word_1_340' title='bbox 1757 3943 1900 3999; x_wconf 80' lang='lat' dir='ltr'><strong>mina</strong></span> <span class='ocrx_word' id='word_1_341' title='bbox 1925 3944 2134 3999; x_wconf 84' lang='lat' dir='ltr'><strong>idoneis</strong></span> <span class='ocrx_word' id='word_1_342' title='bbox 2161 3946 2485 4019; x_wconf 83' lang='lat' dir='ltr'><strong>argumentis</strong></span> <span class='ocrx_word' id='word_1_343' title='bbox 2513 3964 2604 3999; x_wconf 84' lang='lat' dir='ltr'><strong>suo</strong></span> <span class='ocrx_word' id='word_1_344' title='bbox 2628 3958 2746 4015; x_wconf 65' lang='lat' dir='ltr'><strong>qn!-</strong></span> 
     </span>
     <span class='ocr_line' id='line_1_38' title="bbox 646 4016 2744 4095; baseline 0.001 -18"><span class='ocrx_word' id='word_1_345' title='bbox 646 4020 943 4095; x_wconf 78' lang='lat' dir='ltr'><strong>disceptant</strong></span> <span class='ocrx_word' id='word_1_346' title='bbox 962 4025 1496 4094; x_wconf 82' lang='lat' dir='ltr'><strong>interseeruditi‚de</strong></span> <span class='ocrx_word' id='word_1_347' title='bbox 1508 4027 1665 4080; x_wconf 81' lang='lat' dir='ltr'><strong>variis</strong></span> <span class='ocrx_word' id='word_1_348' title='bbox 1755 4042 1861 4094; x_wconf 85' lang='lat' dir='ltr'><strong>que</strong></span> <span class='ocrx_word' id='word_1_349' title='bbox 1885 4026 2004 4079; x_wconf 87' lang='lat' dir='ltr'><strong>loco</strong></span> <span class='ocrx_word' id='word_1_350' title='bbox 2024 4024 2433 4081; x_wconf 81' lang='lat' dir='ltr'><strong>vindicabimus.</strong></span> <span class='ocrx_word' id='word_1_351' title='bbox 2460 4026 2526 4081; x_wconf 80' lang='lat' dir='ltr'><strong>H.</strong></span> <span class='ocrx_word' id='word_1_352' title='bbox 2551 4016 2744 4073; x_wconf 67' lang='lat' dir='ltr'><strong>-Vide</strong></span> 
     </span>
    </p>
   </div>
  </div>
 </body>
</html>
