2984 5009
201 577 518 675 appellant
563 566 854 670 (etenim
897 574 992 646 illi
1031 574 1412 647 ledanum¹²
1449 573 1796 660 vocant):
1842 580 2046 675 hujus
2081 584 2329 679 pingue

199 684 493 755 insidere¹
473 670 524 709 ¹³
569 686 794 779 itaque
843 686 1143 753 attractis
1193 670 1569 753 funiculis¹⁴
1594 685 1933 756 :herbam
1972 712 2119 758 eam
2157 717 2325 761 con-

201 792 402 879 volvi,
445 806 652 887 atque
688 794 781 860 ita
809 789 982 862 offas
1023 790 1186 860 fieri.
1229 792 1458 885 Ergo
1441 816 1511 862 ιιι
1550 806 1832 887 utraque
1868 795 2107 889 gente'
2116 782 2327 869 ⁵bina

201 922 456 991 genera,
505 895 890 967 terrenum¹
894 882 1030 966 ⁶et
1071 897 1416 966 factitium.
1467 896 1549 965 Id
1588 898 1771 992 quod
1802 912 2143 973 terrenum
2178 921 2325 989 est,

200 1004 480 1093 friabile3
517 1004 890 1091 factitium,
922 1003 1200 1073 lentum.

283 1110 634 1183 'Necnon‘⁷
658 1126 728 1181 et
749 1110 1056 1181 fruticem
1079 1134 1224 1179 esse
1251 1108 1528 1180 dicunt
1510 1136 1579 1179 m
1617 1113 2007 1200 Carmania,
2041 1129 2109 1185 et
2126 1142 2327 1213 super
2362 1138 2394 1193 si

201 1220 536 1315 AEgyptum
579 1243 706 1313 per
737 1216 1130 1287 Ptolemaeos
1162 1215 1497 1287 translatis
1532 1216 1775 1313 plantis
1820 1245 1835 1287 ε
1882 1237 1999 1290 aut
2026 1211 2144 1313 (ut
2172 1219 2325 1315 alii)

199 1340 537 1419 generante
569 1339 642 1393 et
691 1308 836 1393 id¹⁸
879 1325 1090 1393 thuris
1124 1323 1406 1409 arbore,
1469 1323 1860 1420 colligique,
1921 1343 1997 1397 ut
2038 1334 2323 1423 gummi,

201 1434 380 1502 inciso
417 1433 722 1517 cortice,
758 1444 828 1501 et
867 1432 1156 1526 caprinis
1182 1428 1465 1526 pellibus
1493 1434 1729 1527 excipi.
1761 1436 1980 1503 Pretia
2006 1451 2163 1506 sunt
2184 1436 2325 1507 lau-

199 1536 513 1609 datissimo
559 1540 636 1606 in
675 1484 908 1625 libraS,
961 1534 1172 1607 asses¹
1177 1534 1351 1607 ⁹11..
1397 1538 1835 1632 ⁸Adulter-atur
1870 1544 2070 1637 myrti
2106 1544 2327 1615 baccis

199 1660 252 1714 et
277 1645 412 1717 aliis
431 1643 832 1715 animalium
869 1643 1192 1714 sordibuS.
1229 1645 1482 1713 Sinceri
1510 1646 1678 1717 odor
1704 1646 1908 1717 debet
1936 1672 2080 1719 esse
2110 1650 2325 1739 ferm,

197 1750 766 1846 etquodammodo
779 1749 1204 1821 solitudinem
1239 1749 1547 1822 redoletis
1578 1778 1593 1821 ε
1632 1754 1852 1849 ipsum
1868 1756 2014 1825 visu
2034 1758 2327 1844 aridum,

197 1870 352 1927 tactu
387 1860 625 1929 statim
651 1856 1070 1947 mollescere,
1092 1882 1447 1927 accensum
1467 1858 1758 1955 fulgere,
1795 1862 2001 1931 odore
2028 1863 2330 1957 jucundo

196 1980 434 2059 gratum
451 1964 527 2034 ²⁰.
551 1962 912 2060 Myrtata²¹
931 1963 1525 2059 deprehenduntur
1540 2020 1561 2055 ,
1586 1968 2044 2064 crepitantque
2065 1971 2135 2041 in
2156 1974 2329 2067 igne.

981 444 1292 513 LIBER
1342 445 1524 513 xn
2232 450 2319 521 61

52 662 55 751 h

52 814 55 965 ἰ

52 1010 55 1075 ι

197 2130 466 2201 hmsolius,
494 2151 615 2185 var.
647 2134 680 2198 β
696 2170 711 2199 ,
739 2130 986 2201 Polyand.
1017 2149 1206 2201 monog.

197 2229 292 2281 gen.
318 2212 470 2267 1313
491 2250 510 2277 ‚
537 2212 687 2265 Pers.
715 2210 891 2267 Ce'stin.
918 2212 954 2263 J
959 2206 1086 2275 uss.)
1109 2210 1212 2263 La-

197 2288 370 2345 dmum
401 2312 436 2347 e
469 2290 616 2347 δι’-τεο
640 2292 833 2345 Cretico
858 2290 1018 2343 Linn.
1043 2310 1152 2343 non
1180 2310 1211 2345 e

201 2370 344 2431 Cisto,
376 2390 550 2445 quem
585 2369 965 2425 Ladaniferum
998 2372 1213 2425 vocavit

197 2450 264 2503 vir
291 2452 414 2506 alias
451 2451 711 2505 omnibus
742 2451 1004 2505 botanicis
1031 2470 1214 2505 veren-

196 2524 304 2595 dus,
328 2531 556 2603 depecti
591 2550 657 2584 ex
699 2530 783 2586 Cl.
817 2531 1042 2585 nostrati
1074 2531 1214 2585 Fon·

199 2610 370 2664 maio
396 2622 634 2666 constat.
660 2612 768 2664 En.

263 2709 349 2744 12.
365 2692 650 2745 ladanum.
675 2688 743 2743 Id
759 2687 1212 2744 medicamentum

199 2768 402 2837 scilicet,
435 2788 636 2825 eumve
663 2788 884 2824 succum
921 2789 1083 2843 quem
1121 2769 1214 2823 alii

197 2846 431 2904 ladam
459 2848 819 2923 appellavere.
851 2846 1080 2908 Δήδανὸν
1103 2850 1212 2903 He·

197 2928 468 2985 mdnt.111
497 2926 639 2992 (not.
670 2928 702 2982 3
727 2920 890 3003 sup..)
915 2930 1116 2983 Eun..

263 3012 344 3065 13.
385 3012 560 3081 Hujus
595 3012 797 3081 pingue.
853 3010 1059 3081 Lego.
1103 3010 1213 3066 huic

193 3091 346 3159 pingue
376 3091 610 3143 insidere.
652 3090 894 3145 Dioscor.
939 3090 1044 3142 loc.
1086 3102 1210 3143 ante

199 3164 350 3223 dieto:
381 3170 570 3223 «Sunt
591 3170 750 3223 etiam
778 3170 872 3241 qui
906 3168 1088 3223 tractis
1111 3188 1210 3240 per

199 3244 388 3303 frutices
433 3250 663 3303 funibus
713 3248 1059 3303 inhaerentem
1104 3249 1212 3303 illis

199 3327 616 3399 pinguitudinem
665 3326 954 3394 dandum,
1010 3328 1208 3383 conflr-

199 3421 480 3481 natamque
495 3402 704 3481 pariter
726 3422 955 3463 servant.
991 3434 1014 3457 ι
1044 3410 1206 3462 Purr.

199 3487 448 3563 ——Ilujus
481 3488 668 3542 herba
713 3488 856 3541 foliis
887 3487 1213 3561 pinguitudi-

199 3582 304 3619 nem
366 3566 665 3643 quamdam
730 3586 901 3622 verno
967 3582 1209 3641 tempore

199 3645 329 3700 aiunt
343 3648 613 3702 insidere.
637 3648 803 3701 Φύλλα
821 3650 1052 3721 λιπαρίας
1071 3646 1208 3709 τινὰς

201 3742 282 3777 κατ
286 3726 316 3779 ἃ.
366 3730 424 3783 τὸ
471 3730 558 3799 lap
600 3728 971 3799 ἐπισπώμενοι,
1032 3729 1212 3801 inquit

201 3800 870 3874 Dioeoer.1‚128.Hmn.

275 3892 364 3948 14.
398 3889 648 3941 Ater-actis
667 3888 924 3957 funiculis.
975 3889 1056 3941 Ita
1083 3888 1212 3941 libri

205 3978 388 4021 omnes.
415 3966 738 4033 Puniculos,
763 3967 972 4039 inquit,
1005 3966 1061 4020 in
1092 3968 1212 4021 fru-

205 4039 347 4097 ticem
373 4064 524 4113 eum,
544 4066 640 4101 seu
668 4047 798 4100 folia
824 4047 1104 4114 fruticum,
1126 4048 1214 4102 in-

203 4118 610 4199 juciunt‚qui1›u⁸
622 4126 876 4181 funiculis
894 4125 1216 4198 pinguitudo

1301 2150 1364 2184 ea
1387 2130 1745 2189 adhaerescit:
1783 2132 1973 2189 iisdem
2000 2139 2233 2193 attractis
2269 2156 2331 2195 ea

1301 2212 1621 2282 exprimitur
1688 2210 2105 2287 deraditurque3
2158 2230 2212 2271 et
2273 2221 2331 2273 in

1301 2290 1436 2347 offas
1479 2292 1711 2363 cogitur,
1756 2294 1897 2348 circa
1950 2313 2081 2365 quas
2110 2296 2331 2353 herbam

1300 2370 1504 2442 ipsam,
1553 2390 1647 2425 scu
1691 2372 1819 2425 folia
1862 2375 2213 2428 convolvunt.
2250 2379 2330 2431 Ita

1299 2448 1410 2505 fere
1438 2452 1683 2505 Dioscor.
1720 2452 1823 2507 loc.
1864 2453 2004 2507 citat.
2034 2452 2217 2509 Rutu.
2246 2489 2328 2500 —

1301 2526 1345 2582 F
1349 2530 1623 2597 uniculus
1652 2528 1697 2584 le
1708 2534 1883 2599 simet
1916 2551 2025 2605 quo
2045 2534 2328 2589 attrahitur

1301 2606 1580 2679 ladanum,
1621 2610 1867 2684 depictus
1898 2626 1975 2666 est
2009 2632 2041 2667 a
2066 2614 2326 2671 Toumef.

1300 2688 1406 2747 loc.
1429 2711 1550 2765 sup.
1581 2692 1671 2747 cit.
1706 2711 1760 2765 p.
1798 2694 1891 2764 87.
1913 2692 2082 2747 Bnor

1389 2770 1478 2826 15.
1489 2772 1553 2825 In
1566 2784 1784 2845 utraque.
1798 2770 2027 2827 Arabica
2045 2786 2095 2827 et
2108 2762 2325 2849 Cypria.

1389 2854 1475 2905 16.
1534 2852 1810 2905 Terrenum.
1866 2854 2167 2907 Terrenum
2216 2871 2325 2922 est,

1300 2930 1450 3005 quod
1481 2930 1756 2985 hircorum
1801 2950 2151 3010 capt-aramve.
2184 2934 2327 2991 villis

1299 3011 1575 3067 adhaerens
1612 3012 1941 3083 glomeratur
1962 3013 2213 3083 pulvere3
2245 3018 2325 3071 fa-

1299 3092 1540 3158 ctitium,
1581 3090 1731 3165 quod
1770 3091 2021 3146 funiculis
2051 3112 2117 3147 ex
2156 3094 2325 3153 herba

1298 3190 1358 3227 ea
1382 3172 1597 3243 legitur.
1630 3173 1813 3227 Hann-

1385 3274 1404 3304 1
1418 3271 1473 3321 7.
1492 3252 1693 3305 Necnon
1722 3266 1774 3303 et
1785 3252 2044 3319 fruticem,
2070 3267 2170 3309 etc.
2190 3256 2326 3311 Ter-

1298 3331 1436 3385 tium
1457 3328 1637 3384 ladani
1660 3340 1841 3403 genus.
1863 3331 2051 3385 Hnm.

1383 3414 1471 3467 18.
1505 3412 1806 3475 Gener-ante,
1824 3423 1925 3463 etc.
1942 3412 2071 3465 Vet.
2096 3432 2179 3485 ap.
2204 3416 2325 3473 Dal.

1293 3492 1519 3561 generari
1536 3504 1583 3542 et
1602 3490 1659 3543 id
1678 3494 1833 3555 iniis,
1856 3501 1913 3541 ut
1926 3492 2204 3547 narborem.
2218 3496 2324 3551 En.

1384 3590 1476 3641 19.
1504 3570 1697 3623 Pretio.
1716 3609 1731 3622 .
1746 3572 1827 3621 .1‘n
1849 3568 2031 3642 libras,
2054 3592 2181 3625 asses
2200 3576 2323 3633 XL,

1299 3650 1405 3703 Seu
1431 3648 1635 3703 denarii
1661 3648 1941 3721 quaterni,
1972 3666 2201 3708 monetoe
2224 3676 2327 3711 no·-

1296 3744 1420 3784 strae
1451 3748 1477 3781 ι
1512 3730 1580 3783 fr.
1606 3728 1675 3782 83
1709 3740 1847 3782 cent.
1871 3728 1973 3781 En.

1385 3828 1468 3861 ιο.
1530 3808 1697 3863 Odore
1732 3808 1951 3880 jucundo
1992 3824 2211 3881 gratum.
2262 3820 2326 3872 In

1300 3902 1527 3960 utroque
1566 3888 1856 3961 exemplari
1896 3891 2139 3946 rectius:
2184 3898 2345 3951 odore‘

1293 3968 1509 4041 jucunde
1523 3973 1684 4039 gravi.
1713 3969 1875 4022 Pnur.

1387 4048 1939 4122 21.Myrtata.Myrti
1965 4050 2139 4105 baccis
2181 4054 2335 4111 adul-

1307 4140 1512 4195 terata,
1552 4142 1613 4184 ut
1644 4129 1846 4183 dictum
1895 4141 1991 4183 est.
2040 4130 2221 4189 Ham).
2258 4170 2337 4181 ...-
