2984 5009
719 465 857 538 188

1239 469 1318 552 c.
1375 469 1721 538 PLINII
1776 419 1994 541 NAT.
2050 471 2308 539 111sT.

707 597 931 669 similis
975 597 1201 693 pollini
1253 601 1466 672 thuris
1513 625 1529 667 ε
1573 617 1641 673 et
1692 603 1841 673 ideo
1874 603 2194 686 candida,
2228 623 2429 695 quam
2466 598 2637 683 rufa,
2674 625 2786 669 me-

707 691 890 773 lior⁸.
939 707 1229 776 Pretium
1263 707 1438 802 ejus,
1468 708 1650 802 quod
1691 733 1910 804 supra.

811 813 998 880 XXI.
1056 811 1370 882 Nondum
1413 813 1727 909 palustria
1770 818 2145 911 attigimus,
2197 836 2322 902 nec
2366 811 2631 880 frutices
2672 835 2786 878 am·

703 916 908 986 nium.
958 919 1148 988 Prius
1211 932 1436 988 tamen
1481 945 1683 1015 quam
1730 921 2179 1017 digrediamur
2230 919 2315 988 ab
2373 919 2650 1012 AEgypto
2668 969 2687 1004 ‚
2734 931 2790 986 et

701 1025 934 1117 papyri
964 1037 1202 1093 natura
1227 1024 1507 1114 dicetur,
1551 1052 1759 1122 quum
1804 1029 2053 1098 chartae
2102 1051 2227 1097 usu
2270 1025 2555 1092 maxime
2592 1023 2790 1096 huma·

699 1128 917 1200 nitas*
952 1132 1102 1199 vitae
1129 1145 1387 1202 constet
1409 1137 1481 1201 'et
1515 1135 1851 1204 memoria.
1884 1137 1973 1204 Et
2000 1134 2173 1204 hanc
2206 1128 2559 1200 Alexandri
2586 1129 2789 1223 Magni

698 1235 974 1305 victoria
1034 1235 1424 1331 repertam²,
1477 1254 1711 1309 auctor
1772 1255 1871 1310 est
1938 1242 2037 1309 M.
2104 1241 2324 1308 Varro
2352 1286 2375 1320 ‚
2437 1234 2692 1304 condita
2736 1235 2790 1302 in

696 1339 984 1436 AEgypto
1013 1341 1431 1414 Alexandria.
1472 1345 1690 1415 Antea
1724 1371 1863 1416 non
1891 1345 2090 1416 fuisse
2104 1329 2131 1370 ³
2169 1343 2555 1418 chartarum
2578 1355 2788 1410 usum:

695 1447 762 1514 in
806 1446 1176 1543 palmarum
1211 1448 1382 1520 foliis
1400 1437 1424 1482 ⁴
1455 1453 1673 1545 primo
1706 1453 2145 1549 scriptitatum
2176 1475 2192 1518 ε
2230 1445 2469 1519 deinde
2510 1471 2790 1542 quarum·

695 1627 830 1681 oolla
858 1629 1090 1700 lacryma
1128 1643 1206 1683 est
1245 1632 1452 1685 arboris
1485 1631 1545 1685 in
1588 1633 1713 1686 Per-

694 1705 806 1759 side
835 1708 1123 1774 nascentis,
1151 1709 1334 1763 similis
1359 1711 1532 1772 thuri,
1558 1724 1657 1766 etc.
1682 1736 1703 1760 ι·

695 1786 778 1838 De
800 1787 899 1840 hac
919 1787 1114 1841 iterum
1141 1786 1348 1843 dicetur
1383 1790 1476 1844 lib.
1506 1791 1713 1857 XXIV,

693 1881 811 1936 cap.
849 1869 942 1922 88.
967 1865 1035 1920 H.
1077 1901 1162 1911 —
1199 1869 1420 1922 Arboris
1447 1872 1712 1942 speciem,

691 1963 810 2015 qun
849 1948 1157 2012 sarcocollam
1196 1948 1454 2020 largitur,
1510 1949 1580 2005 ad
1612 1953 1709 2008 Pe·

690 2043 827 2076 neam
861 2039 1182 2080 macmnatam
1213 2028 1400 2083 retulit
1425 2029 1676 2084 Linnaeus
1690 2070 1707 2094 ,

689 2105 823 2158 Mat.
860 2103 1000 2159 med.
1049 2124 1169 2179 pag.
1211 2105 1304 2173 55,
1344 2127 1456 2163 cur.
1489 2109 1710 2163 Schreb.

687 2179 951 2242 (Ten-and.
997 2205 1186 2258 monog.
1217 2207 1336 2259 gen.
1382 2207 1485 2260 277
1507 2228 1525 2256 ‚
1564 2189 1709 2242 Pers.

686 2263 891 2316 lncercoe
921 2265 1046 2318 sedis
1081 2267 1224 2338 apud
1250 2268 1284 2320 J
1289 2257 1417 2332 uss.)
1440 2268 1527 2322 Cf.
1552 2269 1708 2321 etiam

686 2341 1007 2411 Giton-nor,
1032 2346 1166 2401 Mat.
1187 2346 1324 2400 med.
1346 2348 1430 2412 11,
1451 2350 1582 2412 646.
1604 2347 1707 2402 En.

765 2427 822 2479 8.
880 2425 1088 2479 Comma
1138 2429 1390 2479 utilissima
1395 2463 1493 2480 .....
1540 2428 1709 2480 similis

679 2504 915 2572 pollial...
939 2505 1147 2559 eandida
1163 2545 1181 2572 ‚
1201 2525 1344 2578 quam
1361 2507 1495 2573 msa,
1523 2507 1703 2560 metior.

685 2584 766 2636 Ita
821 2585 1238 2638 constantissime
1293 2585 1446 2638 MSS.
1484 2604 1667 2639 omnes
1690 2603 1706 2638 ε

683 2680 792 2714 non
823 2675 881 2715 ut
905 2663 1062 2734 vulgo
1081 2663 1242 2729 editi,
1268 2666 1505 2735 «gummi
1538 2665 1707 2717 utilis-

683 2739 934 2795 simum...
957 2743 1186 2797 simile...
1216 2742 1531 2810 candidum,
1549 2763 1707 2817 quam

683 2812 886 2886 rufum,
897 2822 1102 2874 melius.
1117 2849 1148 2879 ,ιι
1185 2823 1392 2877 Commi-r
1409 2844 1511 2896 pro
1524 2828 1709 2895 gummi

685 2899 906 2954 Veteres
931 2899 1142 2955 dixere:
1183 2901 1330 2973 quod
1365 2917 1419 2958 et
1455 2905 1583 2957 alibi
1610 2923 1705 2958 sse·

683 2977 804 3047 pius
836 2981 1168 3035 observaturi
1192 3001 1392 3038 sumus.
1417 2984 1599 3038 Haan.

764 3059 916 3112 XXI.
950 3077 1000 3114 1.
1034 3062 1186 3115 Ham.
1225 3064 1350 3117 Non
1377 3067 1408 3122 ἡ
1459 3061 1705 3130 παιδεία,

682 3135 960 3208 disciplina
982 3153 1038 3194 et
1060 3140 1320 3208 eruditio,
1345 3157 1408 3198 ut
1439 3144 1706 3215 Scaliger-o

681 3217 739 3269 in
769 3217 1042 3274 Guilland.
1071 3222 1244 3276 visum
1265 3236 1342 3276 est
1359 3261 1377 3287 ,
1405 3220 1499 3277 sed
1531 3225 1707 3276 cultus

681 3297 928 3352 humana
950 3300 1070 3354 vito
1085 3340 1101 3366 ,
1114 3319 1224 3372 quo
1245 3303 1443 3356 scilicet
1461 3304 1707 3356 homines

679 3375 851 3431 brutis
903 3380 1250 3448 antecellunt,
1295 3383 1389 3454 qui
1451 3381 1707 3436 sermonis

679 3459 1053 3514 communione
1088 3479 1211 3513 cum
1242 3463 1457 3516 absente
1490 3480 1586 3532 per
1622 3462 1707 3514 lit·

681 3549 816 3591 teras
837 3539 1108 3610 praecipue
1133 3542 1450 3596 continetur.
1475 3543 1661 3594 Hann.

723 3675 728 3680 ,
764 3637 815 3670 a.
851 3619 927 3670 Ee
963 3621 1086 3672 hanc
1112 3621 1391 3674 Alexandri
1420 3621 1595 3691 Magni
1624 3624 1703 3674 vi·

677 3700 831 3748 etot-ia
859 3711 1106 3768 repertam.
1135 3700 1516 3754 Guiuandinus
1545 3700 1703 3770 hujus

679 3773 784 3826 loci
809 3773 1268 3847 diligentissimus,
1307 3793 1362 3833 et
1390 3779 1700 3852 ingeniosis·

677 3852 840 3906 simus
894 3871 1168 3912 enarrator
1213 3878 1278 3912 ex
1326 3860 1660 3914 Anacreonte
1681 3894 1699 3920 ‚

676 3933 858 3996 Alceo,
879 3935 1156 4005 AEschylo.
1183 3939 1398 3991 comicis
1416 3939 1701 4004 veteribus,

679 4013 901 4066 Platone
916 4052 932 4079 ‚
965 4013 1251 4070 Aristotele
1265 4059 1282 4082 ‚
1317 4019 1507 4086 probat
1534 4035 1699 4090 papy-

677 4111 826 4158 rum,
847 4093 957 4147 sive
973 4094 1178 4149 biblum
1195 4096 1462 4167 cognitam
1485 4095 1701 4167 quidem

1798 1633 1959 1687 finisse
1975 1672 1992 1699 ,
2020 1644 2303 1704 antequam
2330 1639 2629 1683 nasceretur
2654 1625 2791 1678 Alex·

1798 1711 1997 1779 ander,
2036 1730 2223 1764 verum
2250 1710 2307 1764 in
2348 1727 2447 1762 usu
2474 1705 2721 1778 frequenti
2748 1715 2791 1756 et

1800 1793 2019 1863 publico
2046 1792 2223 1845 'fuisse
2240 1829 2259 1858 ,
2285 1785 2569 1844 Alexandri
2608 1783 2789 1838 seculo.

1803 1874 2011 1925 Dar-nc.

1822 1953 1829 1958 '
1881 1951 1937 2004 3.
1976 1951 2143 2004 Antea
2173 1968 2269 2002 non
2282 1949 2456 2016 sitisse.
2491 1943 2686 1998 Lucan.
2712 1941 2788 1993 lib.

1796 2031 1879 2084 111
1898 2067 1915 2094 ‚
1956 2050 2001 2082 v.
2036 2048 2143 2084 aaa
2174 2047 2187 2081 :
2224 2026 2524 2082 «Nondum
2549 2022 2793 2077 fluminea

1797 2109 2065 2182 Memphis
2081 2121 2361 2163 contexere
2375 2106 2555 2159 biblos
2571 2103 2791 2163 Noverat,

1796 2203 1899 2244 etc.
1927 2215 1949 2236 ιι
1996 2189 2201 2242 Verum
2234 2184 2480 2240 dissentit
2516 2205 2547 2239 a
2577 2183 2791 2234 Varrone

1797 2270 2007 2323 Cassius
2051 2268 2307 2331 Hemina,
2338 2278 2400 2318 ut
2428 2263 2663 2318 dicemus
2692 2277 2788 2328 cap.

1801 2368 1893 2420 ²7·
1918 2348 2099 2401 ΕΔΜ).

1879 2434 1935 2492 4.
1988 2429 2051 2482 In
2089 2426 2361 2498 palmatam
2394 2425 2574 2490 foliis,
2614 2434 2704 2474 etc.
2744 2417 2791 2470 ln

1796 2508 2060 2560 malvarum
2072 2507 2217 2573 foliis
2238 2545 2253 2568 ,
2282 2522 2393 2556 non
2410 2505 2677 2574 palmarum
2692 2537 2705 2564 ,
2726 2498 2791 2550 le·

1791 2585 2028 2658 gendum
2069 2597 2221 2656 putat
2256 2582 2532 2637 Guilland.
2568 2576 2790 2654 quoniam

1792 2667 1921 2719 olim
1952 2667 2007 2718 in
2039 2663 2331 2717 malvarum
2377 2662 2523 2716 foliis
2553 2658 2791 2715 scribeba-

1792 2758 1899 2798 tur.
1927 2744 2100 2799 Cinna
2124 2741 2268 2815 apud
2297 2741 2603 2796 Isidorum:
2642 2765 2665 2786 ι
2686 2737 2792 2788 Hoc

1792 2825 1891 2878 tibi
1928 2824 2147 2878 Aramis
2182 2823 2409 2875 multum
2448 2819 2706 2891 invigilata
2728 2816 2793 2868 lu·

1790 2903 1963 2966 cernis
1994 2903 2275 2964 Carmina,
2307 2901 2456 2972 queis
2491 2902 2634 2971 ignes
2660 2893 2791 2949 novi·

1790 3002 1913 3037 mus
1928 2985 2098 3037 aerios
2109 3021 2126 3048 ,
2145 2981 2315 3035 Laevis
2331 2983 2388 3035 in
2408 2979 2620 3034 aridulo
2634 2975 2793 3030 malm

1790 3061 2053 3133 descripta
2108 3061 2289 3114 libello
2310 3100 2326 3124 ,
2390 3059 2637 3114 Pmsiaca
2692 3051 2791 3106 vexi

1790 3160 2014 3197 munera
2046 3141 2313 3194 navicula.
2338 3165 2361 3187 ι
2408 3141 2616 3192 Dante.
2644 3163 2718 3176 --
2742 3132 2793 3184 In

1782 3221 2211 3293 palmaramsoliis.
2224 3219 2393 3272 Cultri
2409 3215 2571 3271 dorso
2585 3214 2809 3302 primum-

1789 3301 2043 3372 levigatis.
2089 3302 2173 3353 Ita
2215 3299 2340 3352 libri
2382 3315 2569 3350 omnes
2591 3337 2607 3360 ,
2653 3305 2793 3346 etiam

1790 3381 1943 3435 MSS.
1960 3394 2013 3434 et
2028 3379 2220 3434 Isidor.
2234 3378 2419 3450 Origg.
2440 3377 2537 3430 lib.
2565 3374 2644 3428 VI
2659 3411 2673 3436 ,
2692 3389 2790 3440 cap.

1798 3479 1863 3514 η
1903 3479 1916 3513 :
1958 3486 1981 3508 ι
2010 3463 2077 3512 At
2117 3477 2245 3511 vero
2267 3496 2284 3523 ,
2326 3457 2537 3528 inquit,
2581 3451 2792 3508 historic

1789 3541 1989 3610 majore
2041 3537 2261 3592 modulo
2308 3537 2705 3595 scribebantur,
2750 3540 2795 3580 et

1787 3638 1897 3672 non
1932 3619 2105 3672 solum
2134 3618 2195 3669 in
2222 3617 2403 3670 charta
2428 3615 2513 3668 vel
2546 3611 2792 3667 membra·

1786 3699 1904 3762 nis,
1942 3697 2037 3752 sed
2069 3697 2226 3750 etiam
2260 3709 2313 3749 et
2348 3696 2405 3748 in
2443 3691 2669 3748 omentis
2701 3689 2794 3740 ele·

1786 3778 2059 3850 phantinis
2079 3813 2097 3840 ‚
2124 3774 2496 3845 textilibusque
2515 3771 2793 3826 malvarum

1788 3856 1927 3909 foliis
1980 3869 2141 3928 atque
2190 3859 2507 3926 palmarum.
2541 3879 2565 3900 n
2625 3847 2795 3903 Suidas

1790 3954 2004 4008 quoqne
2028 3953 2042 3987 τ
2072 3931 2229 3990 Λυδοὶ
2265 3933 2351 3988 καὶ
2391 3923 2534 3993 {mse
2562 3929 2633 3983 τὰ
2655 3927 2797 3999 ypip-

1790 4035 1935 4087 ματα.
1960 4018 2061 4070 ἀπὸ
2086 4022 2173 4069 τοῦ
2198 4013 2413 4073 Φοίνικος
2447 4018 2533 4065 τοῦ
2570 4001 2794 4098 Ᾰγήνορῠξ

1792 4096 2007 4167 εὑρόντος
2046 4091 2243 4149 ἶλαὸον.
2283 4093 2481 4154 Τούτοις
2522 4086 2582 4146 δῦ
2630 4089 2797 4142 &vnu-
