2984 5009
532 1687 558 1723 1

607 484 692 533 ια
1134 462 1214 531 C.
1265 462 1601 532 PLINII
1651 460 1876 531 NAT.
1928 462 2186 530 HIST.

597 618 727 688 que
762 590 1146 663 animalium
1186 595 1408 663 noxia.
1445 594 1667 663 Arbor
1706 578 1873 689 ipsa⁶
1904 594 2215 663 omnibus
2254 592 2473 663 horis⁷
2514 594 2737 686 pomi-

598 699 740 768 fera
770 714 910 788 est,
930 697 1074 769 aliis
1111 699 1537 788 cadentibuS‚
1573 699 1716 770 aliis
1744 699 2365 783 maturescentibuS,
2402 697 2543 768 aliis
2570 722 2739 766 vero

529 806 1163 877 ,subnascentibus
1200 810 1570 877 Tentavere
1604 822 1833 902 gentes
1870 806 2227 876 transferre
2268 805 2353 875 ad
2386 830 2527 875 sese
2570 830 2736 898 pro-

599 925 750 1007 pter
779 911 1052 980 remedii
1089 915 1534 1007 praestantiam
1570 912 1931 983 fictilibus
1914 938 1983 981 m
2022 914 2229 997 vasis,
2268 911 2426 980 dato
2472 935 2591 1005 per
2626 933 2733 978 ca-

599 1004 882 1088 vernas⁸
927 1017 1258 1087 radicibus
1289 1021 1744 1114 spiramento.
1780 1018 2071 1114 qualiter
2115 1019 2337 1088 omnia
2378 1019 2737 1085 transitura

599 1122 860 1218 longius
893 1126 1023 1194 seri
1048 1124 1408 1195 arctissime
1440 1126 1913 1221 transferrique
1942 1126 2316 1195 meminisse
2349 1123 2741 1201 conveniet,

599 1245 677 1299 ut
711 1230 912 1300 semel
951 1256 1229 1326 quaeque
1261 1232 1585 1300 dicantur.
1636 1233 1765 1301 Sed
1817 1234 1943 1301 nisi
1982 1231 2161 1327 apud
2210 1229 2484 1299 Medos⁹
2502 1282 2520 1315 ‚
2562 1243 2629 1295 et
2666 1230 2735 1295 in

600 1336 898 1423 Perside,
942 1340 1124 1405 nasci
1159 1337 1388 1407 noluit.
1449 1341 1609 1407 Haec
1659 1352 1757 1407 est
1796 1353 2055 1425 autem,
2096 1336 2283 1430 cujus
2326 1360 2530 1431 grana
2574 1336 2735 1402 Par·

598 1442 872 1512 thorum
898 1468 1208 1537 proceres
1233 1445 1585 1563 incoquere
1606 1444 1890 1513 diximus
1912 1442 1959 1467 ¹⁰
1989 1440 2372 1525 esculentis,
2405 1464 2743 1535 commen-

599 1548 802 1617 dandi
836 1548 1076 1619 halitus
1107 1551 1336 1644 gratia.
1375 1553 1521 1623 Nec
1554 1550 1681 1620 alia
1718 1550 1917 1619 arbor
1950 1550 2301 1619 laudatur
2282 1573 2352 1615 ιιι
2392 1547 2626 1615 Medis.

703 1656 1302 1784 V1111.Lanigeras
1341 1658 1573 1727 Serum
1618 1658 1687 1725 in
1722 1658 2056 1725 mentione
2094 1656 2309 1750 gentis
2337 1654 2477 1747 ejus
2514 1676 2739 1723 narra-

595 1743 1084 1851 vimus2(1v.)
1112 1764 1282 1833 Item
1309 1760 1554 1835 Indiae'
1590 1764 1905 1835 arborum
1935 1760 2473 1856 magnitudinem.
2512 1760 2737 1831 Unam

681 1919 735 1970 6.
767 1917 937 1970 Arbor
974 1920 1095 1989 ipsa.
1137 1914 1380 1985 Solinus,
1427 1918 1623 1989 altique
1710 1917 1934 1971 ramina.
1990 1916 2231 1969 Breviter
2280 1914 2685 1985 Theophrastus
2722 1936 2737 1967 :

598 1993 763 2049 modo
790 1996 955 2050 citati.
981 1990 1165 2050 Eum.

683 2094 737 2145 7.
771 2070 1004 2129 Omnibus
1039 2078 1184 2130 horis.
1203 2077 1318 2130 Hoc
1346 2090 1424 2129 est
1440 2117 1457 2141 ,
1487 2095 1623 2148 quo·

601 2173 828 2227 cumque
855 2156 980 2210 anni
1015 2154 1286 2229 tern'pore3
1313 2156 1624 2227 Theophra-

601 2246 741 2287 stus:
774 2239 944 2288 πᾶσαν
973 2235 1118 2306 ὤραν.
1150 2234 1479 2288 Dioscorides
1507 2257 1521 2291 z
1552 2232 1624 2288 δι’

601 2314 710 2367 ὅλου
747 2320 832 2368 τοῦ
850 2317 1002 2376 ἔτους.
1025 2316 1310 2387 Eleganter
1339 2314 1623 2379 Palladius,

600 2393 696 2447 lib.
719 2396 820 2458 lv,
843 2395 899 2447 in
921 2396 1133 2461 Marti0,
1169 2395 1232 2447 tit
1248 2434 1261 2447 .
1284 2412 1375 2453 ιο,
1405 2412 1523 2465 cap.
1554 2392 1623 2445 de

602 2474 770 2526 citreo
801 2492 814 2527 ε
851 2498 872 2517 ⁸
890 2474 1086 2527 Asserit
1116 2472 1385 2543 Gargilius
1404 2472 1623 2525 Martia-

601 2552 694 2617 lis,
725 2551 936 2625 inquit,
975 2550 1114 2624 apud
1157 2552 1402 2624 Assyrios
1445 2552 1623 2624 pomis

601 2632 740 2685 hanc
789 2633 1032 2685 arborem
1072 2650 1181 2684 non
1227 2650 1434 2697 carere;
1473 2630 1622 2703 quod

604 2729 703 2781 ego
731 2710 788 2763 in
834 2710 1077 2765 Sardinia
1099 2752 1114 2774 ,
1153 2724 1206 2763 et
1246 2710 1302 2762 in
1347 2710 1619 2764 territorio

603 2790 957 2862 Neapolitano
992 2791 1050 2843 in
1091 2788 1272 2842 fundis
1309 2791 1440 2844 meis
1471 2810 1618 2844 com·

603 2870 753 2941 peri,
775 2872 973 2942 quibus
994 2870 1164 2922 solum
1194 2882 1247 2923 et
1271 2870 1459 2924 calum
1486 2872 1622 2944 tepi-

604 2948 732 3001 dum
768 2962 846 3003 est
863 2990 878 3017 ,
901 2963 952 3003 et
981 2950 1179 3003 humor
1200 2948 1470 3003 exundans
1490 2969 1504 3003 ε
1528 2970 1624 3021 per

603 3026 796 3100 gradus
825 3028 1079 3101 quosdam
1107 3030 1202 3083 sibi
1236 3049 1447 3102 semper
1463 3050 1625 3103 poma

603 3107 885 3162 succedere
901 3150 916 3175 ‚
931 3128 1097 3183 quum
1113 3110 1334 3163 maturis
1357 3129 1412 3163 se
1430 3111 1623 3164 acerba

604 3188 958 3254 substituant3
993 3190 1305 3243 acerborum
1342 3208 1469 3242 vero
1502 3202 1623 3243 aeta·

605 3278 711 3320 tem
731 3267 970 3323 florentia
1001 3282 1408 3342 consequantur,
1437 3270 1623 3322 orbem

603 3346 888 3418 quemdam
960 3350 1226 3401 continuae
1284 3347 1623 3402 fecunditatis

604 3426 704 3479 sibi
749 3427 1079 3481 ministrante
1116 3442 1320 3482 natura.
1343 3456 1366 3475 ι
1393 3428 1623 3480 'Plinius

605 3526 764 3559 onenes
813 3508 955 3559 horas
1002 3524 1151 3559 more
1204 3527 1374 3579 graeco
1421 3505 1557 3560 dixit
1604 3526 1617 3560 ε

613 3614 634 3633 ι
657 3604 778 3639 nam
806 3586 1003 3638 annalia
1032 3599 1270 3657 tempora,
1299 3588 1473 3658 inquit
1496 3586 1621 3641 Cael.

606 3665 858 3718 Aurelius
881 3667 974 3718 lib.
1016 3666 1130 3732 111,
1158 3686 1270 3739 cap.
1296 3668 1350 3731 8,
1381 3668 1485 3719 hoc
1514 3680 1623 3731 est,

605 3764 735 3809 ver,
792 3758 1056 3811 estatem,
1099 3759 1412 3799 autumnum
1463 3760 1623 3819 atque

605 3824 834 3876 hiemem
854 3864 870 3889 ‚
906 3824 1080 3877 Graeci
1112 3826 1251 3878 horas
1285 3826 1568 3898 appellant.
1591 3851 1612 3872 n

601 3903 809 3955 Plinius
837 3904 948 3973 ipse
979 3904 1073 3956 lib.
1107 3904 1218 3970 IX,
1248 3925 1363 3977 cap.
1397 3907 1501 3969 54,
1534 3924 1623 3978 ge-

601 3982 775 4037 nitalis
801 3984 926 4035 anni
951 3984 1112 4034 horam
1130 4021 1146 4048 ,
1171 4003 1271 4054 pro
1300 4004 1460 4037 verna
1487 3998 1620 4039 tem-

490 4123 493 4126 ,
601 4075 799 4133 pestate
819 4061 970 4115 dixit.
1000 4063 1179 4116 Hsan.

686 4146 738 4196 8.
769 4144 869 4195 Per
889 4164 1126 4197 cavernas.
1153 4144 1254 4197 Per
1275 4154 1521 4198 vasorum
1546 4144 1623 4197 fo-

1711 1998 1780 2060 ιίς
1799 1998 2020 2068 ὄστρακα
2040 1991 2409 2066 διατετρημένα
2424 2036 2441 2061 ,
2466 2021 2488 2042 σι
2512 1996 2569 2047 in
2601 1996 2738 2048 vasis

1708 2077 2014 2150 perforatis.
2032 2102 2055 2121 n
2097 2076 2283 2128 Hnm.

1788 2176 1841 2226 9.
1870 2156 1986 2209 Nisi
2003 2154 2139 2224 apud
2157 2154 2344 2208 Medos.
2366 2154 2597 2217 Solinus,
2627 2153 2733 2207 loc.

1706 2236 1794 2288 cit.
1832 2236 1902 2288 At
1942 2232 2163 2286 Palladii
2209 2232 2555 2304 postmodum
2606 2230 2735 2285 dili·

1705 2314 1886 2386 g'entia
1908 2314 1962 2365 in
1988 2313 2136 2367 ltalia
2154 2314 2310 2365 arbos
2337 2332 2397 2366 ea
2422 2312 2690 2365 convaluit
2712 2353 2729 2377 ,

1712 2405 1875 2465 atque
1906 2392 2012 2446 alio
2050 2391 2179 2444 iude
2226 2405 2528 2465 propagata.
2574 2392 2735 2445 Conf.

1714 2491 1830 2545 sup.
1859 2484 1971 2526 not.
2010 2490 2062 2542 7.
2092 2470 2275 2526 Ham).

1792 2570 1876 2605 ιο.
1924 2553 2181 2624 lucoqueoe
2234 2552 2457 2604 diximus.
2515 2552 2641 2605 Haec
2694 2570 2727 2603 a

1704 2631 2105 2704 Theophrasto,
2128 2632 2225 2685 lib.
2257 2632 2359 2697 lv,
2382 2648 2497 2703 cap.
2519 2636 2580 2695 4,
2614 2650 2733 2684 mu-

1707 2724 1881 2766 tuatus
1903 2725 1978 2765 est
1994 2712 2206 2776 Noster,
2227 2711 2578 2764 etAthenaeus
2592 2711 2733 2761 libro

1706 2792 1810 2858 111,
1843 2811 1957 2865 cap.
1996 2796 2088 2845 26.
2112 2792 2266 2862 Virg.
2296 2808 2510 2861 quoque
2530 2788 2727 2860 Georg.

1708 2871 1791 2935 11,
1828 2890 1929 2925 vss.
1980 2872 2085 2934 134
2130 2881 2182 2922 et
2224 2870 2361 2923 135:
2396 2892 2417 2913 α
2452 2868 2652 2920 animas
2679 2881 2735 2920 et

1705 2950 1903 3003 olentia
1924 2948 2070 3003 Medi
2100 2950 2209 3001 Ora
2232 2950 2415 3001 fovent
2442 2948 2555 3016 illo,
2582 2960 2637 3001 et
2655 2966 2735 2999 se·

1704 3031 1865 3082 nibus
1893 3028 2230 3083 medicantur
2256 3028 2471 3083 anhelis.
2496 3054 2518 3076 ·
2554 3026 2621 3080 Η.
2652 3058 2732 3069 --

1711 3108 1862 3179 Cujus
1896 3129 2089 3179 grana,
2134 3121 2236 3161 etc.
2276 3108 2464 3178 Margo
2493 3108 2623 3159 Var.
2660 3125 2733 3159 ex

1706 3188 2049 3262 Dalecampio
2063 3228 2078 3253 ,
2100 3191 2349 3250 corticem5
2374 3186 2730 3241 consentiente

1704 3267 2055 3340 Theophrast.
2080 3268 2184 3321 loc.
2200 3265 2447 3339 proxime
2466 3264 2614 3319 laud.
2638 3266 2729 3318 ubi

1706 3348 1869 3419 vulgo
1906 3349 2119 3419 legunt,
2163 3352 2218 3401 τὸ
2255 3348 2457 3411 ἔξωθιν,
2500 3346 2729 3399 exterio·

1704 3446 1819 3480 rem
1852 3428 1963 3482 scil.
1991 3430 2195 3481 fructus
2214 3439 2419 3499 partem
2438 3466 2453 3491 ,
2476 3426 2588 3478 sive
2613 3444 2729 3477 cor·

1704 3508 1864 3561 tieem
1893 3529 1905 3560 :
1949 3508 2151 3561 Plinius
2180 3520 2357 3560 tamen
2389 3504 2457 3558 de
2487 3504 2694 3558 Parthis
2714 3545 2729 3571 ,

1704 3588 1800 3640 lib.
1826 3607 2003 3661 super.
2028 3607 2144 3659 cap.
2177 3604 2197 3639 ι
2216 3606 2237 3639 1
2253 3587 2280 3639 5
2303 3604 2317 3638 :
2354 3583 2477 3637 «sed
2494 3584 2593 3637 sibi
2615 3604 2732 3655 pro·

1705 3686 1850 3721 ceres
1874 3666 2155 3720 medentur
2177 3686 2333 3736 grano
2356 3664 2555 3739 Assyrii
2573 3664 2727 3727 mali,

1706 3750 1855 3819 cujus
1867 3759 1944 3799 est
1957 3747 2180 3799 suavitas
2188 3747 2577 3817 praecipua‚etc.
2592 3772 2613 3793 ι
2624 3746 2728 3797 Ει).

1785 3826 1940 3879 VIII.
1972 3844 2019 3878 1.
2053 3826 2318 3897 lanigeras
2341 3824 2505 3878 Serum
2621 3844 2733 3876 nar-

1708 3908 1930 3959 ravimus.
1957 3906 2123 3959 Libro
2142 3908 2252 3972 Vl,
2286 3924 2400 3977 cap.
2440 3924 2521 3959 ao.
2548 3906 2727 3957 Ηιιιι).

1708 4019 1787 4029 —-
1818 3988 1898 4039 De
1934 3987 2183 4057 lanigeris
2225 3987 2409 4040 Serum
2446 3985 2730 4037 arboribus

1710 4064 1832 4119 vide
1862 4068 1990 4120 Exc.
2011 4068 2066 4119 Il
2091 4067 2154 4119 ad
2186 4068 2345 4119 finem
2370 4066 2483 4137 huj.
2506 4064 2601 4117 lib.
2627 4066 2731 4115 En.

1796 4168 1847 4201 ιι.
1876 4148 1993 4199 leem
2026 4146 2177 4198 Inda‘oe
2198 4147 2417 4197 orborum
2444 4144 2736 4211 maguitudi-
