2984 5009
641 468 740 556 46

1192 468 1268 535 C.
1333 466 1677 535 PLINII
1734 463 1945 535 NAT.
2004 468 2265 538 HIST.

640 600 890 671 semine
921 594 1239 691 oblongo.
1280 596 1563 667 Metitur
1583 594 1817 665 eodem
1840 596 2039 667 modo
2062 612 2131 667 ct
2160 599 2229 669 in
2260 586 2561 668 Arabia³.
2592 601 2779 691 Qua-

633 724 790 777 tuor
832 704 973 798 ejus
1011 728 1256 799 genera
1296 729 1310 770 ε
1355 703 1825 773 viridissimum
1868 728 1949 773 ac
1992 706 2272 800 pingue,
2314 708 2525 775 acutis
2565 730 2779 803 angu-

560 824 568 834 “
633 813 749 900 lis,
776 825 1134 883 contumax
1157 809 1416 881 fricanti
1428 797 1476 893 ⁴¹,
1508 809 1691 905 quod
1712 812 1997 880 maxime
2020 808 2359 881 laudatur:
2388 815 2775 908 proximum

633 945 672 989 e
715 919 866 989 rufo
901 918 1254 987 candicans
1293 943 1307 983 :
1356 918 1627 986 tertium
1686 917 1953 987 brevius
2008 932 2206 1013 atque
2258 920 2529 1015 nigrius.
2575 921 2783 1013 Pejus

635 1042 860 1097 tamen
876 1026 1134 1094 varium
1163 1039 1232 1093 et
1261 1022 1453 1095 facile
1490 1025 1683 1109 tritu,
1712 1022 2065 1119 odorisque
2101 1027 2291 1120 parvi
2320 1050 2335 1091 ε
2366 1028 2479 1157 <lui
2511 1052 2711 1097 verus
2732 1012 2781 1113 ⁵,

637 1148 826 1205 costo
875 1132 1129 1201 vicinus
1185 1154 1324 1199 esse
1379 1128 1598 1199 debet.
1633 1133 1782 1199 Hoc
1814 1144 1883 1199 et
1916 1130 2097 1226 apud
2130 1131 2367 1202 Medos
2456 1135 2779 1204 nascitur.

636 1241 932 1309 Pretium
965 1238 1202 1333 optimi
1232 1238 1299 1306 in
1337 1233 1541 1305 libras
1588 1262 1655 1305 x.
1680 1236 2032 1307 duodecim
2048 1237 2091 1306 ⁷.

741 1348 964 1416 XXX.
1013 1345 1458 1413 Cinnamomo
1501 1343 1805 1437 proxima
1846 1343 2175 1438 gentilitas
2198 1342 2217 1367 ¹
2260 1358 2403 1414 crat
2422 1397 2443 1433 ‚
2484 1344 2553 1412 ni
2594 1345 2786 1439 prius

557 1491 566 1503 ·
637 1453 900 1523 Arabiae
933 1451 1198 1521 divitias
1241 1449 1517 1519 indicari
1558 1451 1989 1538 conveniret,
2034 1474 2397 1545 causasque
2416 1504 2439 1538 ‚
2476 1475 2625 1545 quae
2656 1476 2786 1520 co-

641 1583 934 1655 gnomen
971 1556 1066 1627 illi
1101 1555 1310 1626 felicis
1345 1579 1424 1625 ac
1465 1556 1675 1625 beatae
1719 1556 1983 1626 dedere.
2030 1556 2431 1653 Principalia
2490 1582 2653 1651 ergo
2712 1558 2788 1627 in

638 1665 752 1735 ina
781 1665 972 1751 thus,
1009 1677 1078 1733 et
1103 1648 1374 1757 inyrrha
1402 1688 1418 1730 :
1445 1662 1591 1731 haec
1627 1677 1697 1733 et
1716 1687 1869 1731 cum
1897 1662 2321 1757 Troglodytis
2356 1664 2733 1733 communis
2766 1690 2782 1731 :

639 1766 856 1861 (xlv.)
893 1771 1096 1840 thura
1117 1768 1423 1864 ²,praeter
1453 1769 1803 1856 Arabiam,
1837 1768 2073 1855 nulliS‚
2110 1793 2190 1838 ac
2220 1794 2303 1837 ne
2330 1770 2590 1839 Arabiae
2626 1771 2785 1864 qui-

637 1878 790 1949 dem
826 1878 1169 1946 universae.
1199 1877 1281 1942 In
1309 1873 1533 1944 medio
1552 1875 1693 1969 ejus
1717 1873 1857 1944 fere
1892 1890 2049 1945 sunt
2084 1860 2499 1961 Atramitae³,
2529 1900 2743 1971 pagus

2758 1862 2787 1907 4

633 1985 1054 2068 Sabaeorum,
1097 1983 1166 2051 in
1205 1996 1434 2051 monte
1473 1980 1735 2051 excelso
1758 2030 1779 2065 ,
1816 2006 1855 2051 a
1897 2008 2034 2077 quo
2074 1996 2230 2053 octo
2274 1981 2733 2053 mansionibus
2758 1966 2786 2005 ⁵

635 2188 1023 2245 cardamomini
1064 2188 1286 2241 nomine
1337 2186 1655 2257 insignivit;

639 2270 988 2326 Dioscoridea
1009 2288 1135 2323 vero
1154 2308 1172 2336 ,
1205 2266 1342 2321 ibid.
1363 2284 1485 2337 pag.
1519 2284 1543 2319 1
1558 2267 1627 2337 57
1641 2303 1658 2330 ,

640 2370 710 2407 an
735 2353 803 2406 sit
822 2350 1008 2405 eadem
1024 2367 1148 2402 cum
1163 2350 1396 2401 Amomo
1413 2344 1661 2399 zedoaria

639 2433 999 2486 recentiorum
1013 2468 1028 2493 ,
1065 2448 1174 2481 non
1213 2444 1372 2479 ausus
1415 2437 1492 2478 est
1533 2444 1661 2495 pro-

639 2512 904 2565 nuntiare.
947 2506 1181 2572 (Amomi
1233 2522 1376 2577 spec.
1421 2504 1662 2557 Menona.

643 2612 836 2661 monog.
851 2607 969 2660 gen.
993 2594 1047 2652 4.
1065 2584 1320 2639 Scitam.
1337 2584 1486 2637 Pers.
1506 2584 1665 2640 Cana.

639 2664 824 2733 hum).
843 2668 950 2721 En.

729 2750 782 2803 3.
823 2749 902 2800 Et
935 2750 987 2799 in
1018 2744 1227 2799 Arabia.
1269 2745 1338 2797 Et
1372 2742 1432 2794 in
1471 2741 1668 2809 India,

643 2828 818 2901 inquit
837 2866 852 2893 ,
871 2828 996 2881 etin
1013 2824 1216 2879 Arabia
1235 2822 1455 2877 metitur
1477 2822 1669 2877 eodem

646 2906 812 2961 modo
836 2925 851 2960 τ
877 2908 982 2960 hoc
1009 2916 1115 2970 est,
1151 2904 1386 2976 carpitur
1423 2920 1551 2955 cum
1580 2923 1667 2958 ra-

645 2987 788 3051 dice,
809 2984 1284 3057 manipulatimque
1309 2984 1664 3053 componitur.

649 3068 836 3121 Diose.
868 3067 970 3119 loc.
1005 3066 1098 3117 cit.
1121 3064 1302 3117 Ham).

731 3154 782 3211 4.
817 3146 1088 3201 contumax
1102 3145 1329 3211 fricanti.
1354 3142 1663 3215 Frangenti.

646 3223 946 3281 Dioscorid.
963 3222 1316 3295 δύσοροωστον.
1342 3224 1550 3277 Oribas.
1566 3222 1663 3275 lib.

647 3308 727 3359 xl
745 3346 762 3369 ,
831 3306 924 3359 fol.
987 3322 1088 3357 aoo
1115 3322 1131 3368 3
1180 3302 1328 3375 qnod
1377 3302 1670 3357 difficulter

643 3387 928 3457 frangitur.
953 3384 1432 3437 Hune—Habent
1447 3381 1667 3455 quidem

645 3464 802 3520 codd.
818 3466 1027 3533 fricanti
1039 3484 1060 3527 ,-
1093 3460 1190 3516 sed
1216 3464 1331 3516 haec
1363 3480 1503 3536 sape
1544 3481 1668 3517 con-

645 3544 900 3600 fundunt.
929 3544 1016 3597 Sic
1045 3543 1103 3596 in
1129 3542 1242 3597 MS.
1271 3544 1404 3615 neg.
1440 3560 1492 3609 ι,
1528 3542 1667 3595 infra

647 3628 784 3679 XIII
798 3665 815 3688 ,
846 3644 878 3694 7
896 3662 912 3689 ,
937 3626 1155 3691 fricatur
1187 3642 1289 3695 pro
1313 3624 1540 3691 fiatur,-
1568 3640 1667 3679 nos

637 3708 823 3773 frianti
863 3702 1146 3757 edidimus.
1188 3704 1357 3759 Bnooe.
1407 3735 1488 3745 -
1535 3704 1665 3757 Mox

649 3782 838 3839 Chim.
861 3784 950 3835 hoc
971 3788 1188 3837 maxima.
1221 3784 1328 3839 En.

735 3863 786 3917 ⁵.
824 3864 928 3933 Qui
955 3882 1120 3916 verus.
1160 3864 1492 3936 Subintsellig.
1528 3864 1667 3916 odor.

651 3941 1003 3999 confidenter
1033 3942 1193 3995 nimis
1227 3943 1474 3998 emendat
1511 3944 1669 3997 Dale·

651 4042 823 4096 camp.
877 4024 1009 4095 quod
1046 4026 1244 4089 verius,
1285 4037 1417 4077 costo
1461 4027 1669 4078 vicinius

650 4124 748 4158 esse
767 4104 921 4157 debet.
944 4104 1124 4155 Ham).

1826 2190 1880 2241 6.
1912 2188 1988 2239 Et
2017 2188 2154 2258 apud
2174 2188 2366 2241 Medos.
2388 2188 2507 2243 Hoc
2538 2201 2638 2253 eat,
2665 2180 2787 2243 ndu

1748 2268 1805 2319 in
1817 2264 1973 2320 India
1984 2267 2177 2333 solum,
2190 2280 2245 2321 et
2255 2269 2469 2323 Arabia.
2486 2269 2662 2323 Dioac.
2676 2268 2716 2323 l.
2732 2289 2785 2325 c.

1831 2364 1885 2415 7.
1902 2347 1962 2399 In
1983 2347 2153 2415 libras,
2172 2346 2251 2401 Χ.
2272 2346 2541 2401 duodecim.
2560 2350 2789 2408 Denarii

1750 2438 1932 2479 notam
1950 2462 1967 2489 ,
2000 2445 2119 2499 quo
2160 2426 2433 2481 exciderat
2469 2427 2785 2499 adjecimus.

1751 2505 1935 2559 Hmn.
1962 2506 2317 2560 ——Efficiunt
2354 2506 2622 2576 duodeni,
2661 2527 2789 2564 mo-

1754 2598 1891 2639 neta
1918 2586 2120 2657 gallice
2150 2589 2184 2641 8
2218 2586 2283 2639 fr.
2317 2592 2389 2653 48
2414 2606 2466 2641 c.
2491 2588 2595 2640 En.

1832 2666 2011 2719 XXX.
2040 2683 2085 2717 1.
2118 2664 2402 2721 Gents‘lc'tas.
2424 2666 2672 2722 Neminie
2696 2669 2786 2723 af-

1752 2744 1955 2803 finitas,
1986 2757 2383 2818 propterquam
2401 2749 2645 2819 proxime
2658 2763 2789 2819 post

1753 2843 2027 2879 amomum
2046 2838 2099 2878 et
2118 2824 2517 2881 cardamomum
2534 2866 2550 2893 ,
2570 2826 2681 2880 dici
2710 2828 2789 2883 de

1754 2904 2095 2958 cinnamomo
2142 2920 2511 2978 opportunum
2558 2904 2785 2963 videbu-

1755 2996 1861 3037 tur.
1895 2986 2079 3039 Halm.

1840 3082 1867 3115 2
1879 3104 1892 3117 .
1911 3066 2093 3118 Thura.
2108 3064 2783 3121 TranscribithicPlininm

1754 3141 1969 3197 Solinus
1986 3178 2003 3207 ‚
2032 3162 2081 3199 c.
2114 3162 2328 3212 xxxu13
2363 3145 2567 3201 Plinius
2594 3146 2785 3201 Theo-

1752 3224 2029 3294 phrastum
2054 3224 2187 3278 Hist.
2209 3225 2292 3279 Pl.
2314 3226 2425 3287 IX,
2454 3232 2507 3290 4.
2532 3226 2716 3281 Hum-

1838 3302 1891 3356 3.
1932 3305 2211 3357 Aes-amita.
2245 3306 2427 3359 Dalec.
2469 3307 2784 3380 Adramyta,

1755 3398 1820 3435 ex
1840 3383 2195 3455 Theophrast.
2217 3385 2321 3439 loc.
2347 3386 2435 3439 cit.
2464 3385 2615 3439 Idem
2646 3405 2785 3440 mox

1755 3474 1931 3533 caput:
1958 3476 2011 3516 et
2044 3466 2206 3536 paulo
2234 3478 2353 3537 post
2382 3466 2616 3521 chifflet.
2648 3466 2784 3523 cod.

1754 3542 1955 3595 Sus-ibus
1974 3546 2264 3616 appellatur,
2298 3546 2401 3599 hoc.
2428 3547 2535 3600 En.

1837 3629 1890 3687 4.
1931 3624 2115 3693 Pagus.
2156 3624 2282 3677 Non
2320 3626 2488 3695 κόμην
2526 3644 2585 3679 ea
2629 3644 2741 3679 vox
2760 3665 2783 3691 ,

1752 3702 2027 3757 vicumve:
2052 3702 2143 3757 sed
2170 3706 2474 3776 regionem,
2490 3705 2785 3778 profectu·

1754 3799 1868 3834 ram
1897 3821 1914 3848 ,
1983 3784 2424 3857 toparchiamque
2491 3784 2783 3857 signifieat.

1756 3860 1999 3915 Glosso:
2034 3864 2236 3934 Pagus,
2272 3866 2553 3936 τοπιρχία,
2592 3864 2737 3935 χώρα
2766 3907 2785 3931 ,

1756 3944 1917 4010 νομός.
1945 3944 2025 3995 De
2058 3944 2143 3997 his
2164 3944 2367 4015 egimus
2392 3947 2498 4010 VI,
2531 3952 2619 3998 32.
2650 3944 2722 3997 Η.

1844 4021 1895 4075 5.
1920 4022 2269 4077 Mansio-nibus.
2286 4026 2587 4079 Mansiones
2608 4044 2790 4079 came-

1760 4102 1935 4155 iorum
1960 4116 2087 4157 sunt
2114 4104 2275 4158 unius
2297 4102 2405 4159 diei
2432 4105 2569 4159 iter:
2592 4122 2789 4159 earum
