2984 5009
643 455 737 529 58

1181 460 1258 528 C.
1312 458 1651 530 PLINII
1700 458 1915 529 NAT.
1964 458 2228 526 HIST.

639 593 851 662 duum
871 591 1150 663 similem
1181 590 1399 680 malo,
1415 593 1685 664 seminis
1708 591 2023 689 plenum.
2055 589 2479 685 lacrymaque
2504 589 2809 685 erumpit

641 701 850 770 incisa
880 714 1072 795 parte
1089 705 1514 789 summa,vix
1544 714 1621 771 ut
1636 700 1938 796 dignosci
1965 699 2176 795 possit
2196 696 2580 767 amastiche
2611 720 2803 766 vera.

642 806 790 876 Nec
821 830 960 877 non
999 822 1070 877 et
1107 794 1341 879 tertia³
1375 810 1447 878 in
1471 812 1691 878 Ponto
1718 821 1856 894 est,
1898 805 2241 875 bituminis
2282 802 2578 873 similior.
2610 807 2803 873 Lau-

639 913 982 985 datissima
1018 929 1242 985 autem
1271 916 1446 986 Chia
1481 901 1806 985 candida⁴
1809 913 2047 1007 ,cujus
2082 912 2371 1015 pretium
2410 896 2518 977 in⁵
2558 908 2803 998 libras,

639 1044 758 1089 xx·
739 1022 994 1116 ,nigrai
1017 1045 1203 1109 vero,
1228 1046 1356 1092 ιιι.
1387 1008 1602 1093 Chia⁶
1639 1046 1677 1091 e
1704 1019 1981 1090 lentisco
2010 1018 2506 1114 traditur-gigni
2538 1018 2807 1114 gummi

641 1128 850 1199 modo
881 1152 905 1197 ι
944 1127 1388 1217 adulteratur,
1433 1142 1513 1198 ut
1544 1127 1810 1214 thura⁷,
1852 1128 2094 1197 resina.

751 1237 1112 1306 xxxva.
1131 1236 1378 1306 Arabia
1403 1237 1775 1307 etiamnum
1802 1249 1873 1303 et
1910 1230 2185 1304 ladano¹
2218 1229 2584 1327 gloriatur:
2620 1229 2811 1299 forte

641 1364 934 1438 casuque
986 1342 1119 1413 hoc
1173 1357 1246 1413 et
1296 1342 1543 1438 injuria
1590 1342 1739 1413 fieri
1788 1338 2053 1412 odoris²
2082 1392 2105 1429 ,
2153 1338 2380 1434 plures
2440 1334 2801 1409 tradidere.

639 1560 886 1615 Dessont.
907 1561 1110 1615 Atlant.
1137 1560 1514 1637 flor.11,.pag
1540 1560 1673 1617 252.

641 1644 846 1695 Aoum«
869 1643 1160 1712 gummifira
1180 1642 1382 1699 Willd.
1412 1644 1676 1697 Cinarooe·

633 1722 775 1793 phul.
815 1720 956 1778 Juss.
973 1710 994 1790 )
1033 1721 1252 1776 Habitat
1295 1722 1352 1775 in
1391 1722 1678 1793 Hispania,

639 1800 826 1866 Italia,
853 1802 1046 1865 Creta,
1078 1800 1358 1867 Barbaria,
1389 1814 1497 1857 etc.
1527 1802 1631 1855 En.

731 1880 788 1935 3.
810 1882 890 1934 Et
917 1885 1076 1935 careia.
1109 1883 1246 1948 Qun
1267 1882 1456 1955 nigra,
1495 1896 1559 1937 nt
1590 1880 1674 1936 di·

649 1960 793 2014 citur
815 1962 971 2030 XIV,
989 1962 1083 2015 25.
1115 1962 1300 2017 Hann.
1315 1962 1538 2015 —Eam
1563 1962 1675 2015 vini

643 2040 948 2095 condituris
991 2042 1118 2095 olim
1147 2042 1430 2096 admisceri
1465 2043 1677 2097 solitam

643 2118 772 2177 vide
795 2120 890 2175 lib.
912 2124 1070 2191 XIV,
1087 2140 1204 2194 cap.
1234 2141 1321 2176 ao.
1346 2124 1555 2175 Danao.

729 2208 780 2266 4.
815 2202 944 2257 Chia
971 2202 1200 2257 candida.
1229 2204 1312 2257 De
1343 2222 1450 2275 qna
1483 2202 1679 2256 Galen.

641 2280 712 2335 de
749 2282 953 2337 Facult.
989 2283 1147 2355 simp.
1179 2282 1372 2337 medic.
1403 2280 1503 2335 lib.
1534 2284 1678 2348 vn,

641 2381 762 2434 pag·
783 2367 889 2418 206
920 2382 936 2417 τ
965 2364 1208 2432 Macrim
1237 2366 1271 2421 ἢ
1305 2365 1389 2435 μὶν
1414 2364 1563 2419 λευκὴ
1592 2363 1677 2417 καὶ

645 2444 771 2498 Χία..
803 2442 1014 2497 Nostris
1031 2482 1049 2509 ‚
1067 2447 1255 2497 mastic.
1285 2444 1473 2496 Hau).

727 2521 782 2576 5.
807 2524 869 2575 In
899 2522 1048 2575 libras
1071 2522 1208 2575 ΧΧ.
1242 2522 1459 2576 Denarii
1485 2521 1678 2595 viginti

642 2613 770 2655 sunt
792 2615 1022 2656 moneto
1041 2614 1237 2656 nostro
1255 2640 1271 2666 ,
1307 2609 1378 2666 14
1417 2602 1485 2655 fr.
1524 2610 1597 2667 14
1628 2620 1675 2657 c.

641 2682 808 2751 nigra·
835 2698 964 2735 vero
993 2683 1231 2754 pretinm
1257 2680 1498 2735 duodeni
1517 2681 1681 2737 dena·

593 2799 605 2809 .
644 2760 733 2826 rii,
761 2758 820 2813 id
851 2774 947 2828 est,
982 2766 1015 2818 8
1051 2762 1119 2815 fr.
1150 2764 1222 2826 48
1243 2778 1291 2815 c.
1324 2762 1430 2814 En.

725 2843 780 2894 6.
833 2838 963 2894 Chia
1003 2863 1031 2893 e
1065 2842 1279 2896 lentisco.
1307 2838 1678 2906 Dioscorides,

572 2952 578 2959 -
642 2918 738 2973 ms.
763 2920 818 2984 1,
841 2936 959 2995 cap.
987 2938 1088 2991 90:
1123 2924 1368 2975 Γιννᾶται
1397 2918 1457 2975 83
1488 2922 1575 2976 καὶ
1597 2924 1680 2992 ῥη-

643 3000 748 3057 τίνη
783 2999 834 3063 i}
862 3003 1015 3064 αὐτ-ἥς
1049 3002 1236 3070 σχινίνη
1268 3003 1543 3072 ’adeundam
1558 3041 1573 3067 ‚
1586 3002 1677 3055 ὑπ’

643 3080 776 3133 ἐνίων
824 3076 884 3136 δὲ
914 3083 1174 3153 μαστίχη...
1211 3084 1448 3153 γιννᾶται
1491 3078 1553 3135 δί
1590 3084 1675 3137 καὶ

641 3160 847 3219 amica
861 3202 878 3228 ,
901 3162 986 3217 καὶ
1009 3164 1186 3224 vehis-n
1217 3164 1265 3216 ἂν
1283 3163 1393 3233 Χίῳ
1412 3166 1479 3230 τῇ
1508 3162 1644 3234 νήσῳ
1662 3202 1679 3228 ,

641 3258 692 3293 ιι.
727 3260 775 3293 τ.
805 3248 854 3294 λ.
884 3242 1074 3296 Effluit
1103 3260 1168 3295 ex
1203 3243 1430 3297 lentisco
1463 3244 1640 3296 resina
1659 3279 1679 3308 ,

643 3317 900 3375 mastiche
925 3321 1085 3375 dicta.
1106 3322 1232 3375 Non
1257 3321 1457 3377 cadunt
1469 3322 1679 3377 lentisci

643 3399 804 3465 {olia3
835 3398 993 3455 floret
1024 3418 1181 3469 vere,
1213 3402 1400 3456 baccas
1427 3392 1677 3474 (drupas)

641 3490 902 3535 autumno
933 3492 1166 3535 maturas
1199 3480 1394 3535 reddit.
1424 3482 1679 3537 provenit

645 3560 703 3613 in
729 3562 983 3632 plurimis
1006 3562 1348 3634 regionibus,
1366 3563 1641 3617 Lusitania
1657 3600 1675 3629 ‚

640 3637 855 3708 Betica,
879 3642 1032 3696 Italia
1049 3674 1067 3704 2
1101 3642 1440 3697 Narbonensi
1468 3642 1643 3697 Gallia
1662 3680 1681 3709 ,

642 3722 832 3791 Syria,
877 3724 1068 3789 Creta,
1105 3720 1200 3776 sed
1237 3722 1295 3775 in
1335 3722 1509 3776 insula
1534 3723 1677 3777 Chio

641 3801 912 3873 pracipne
927 3840 945 3869 ,
968 3802 1028 3855 in
1063 3822 1168 3875 qua
1195 3802 1280 3857 vel
1307 3804 1420 3857 sola
1447 3802 1678 3874 diligen-

641 3892 726 3933 ter
744 3919 761 3945 ,
809 3894 864 3935 et
913 3884 1196 3936 mastiches
1243 3880 1466 3954 quidem
1518 3900 1676 3936 causa

641 3961 858 4027 colitur,
883 3980 1005 4033 qun
1029 3980 1094 4015 ex
1117 3961 1278 4015 cultis
1305 3962 1542 4017 lentiscis
1562 3962 1677 4016 illic

641 4041 710 4093 ab
737 4040 1020 4113 indigenis,
1043 4042 1320 4095 vulnerato
1345 4042 1498 4096 caule
1517 4083 1534 4107 ,
1560 4042 1671 4096 sin·

641 4120 780 4191 gulia
810 4122 982 4190 annis,
1005 4121 1249 4194 diligenti
1277 4120 1514 4177 adhibita
1538 4140 1667 4177 cura

1763 1561 2056 1634 colligitur,
2086 1572 2148 1617 nt
2170 1562 2339 1615 refert
2359 1558 2633 1615 Bellonius
2646 1600 2663 1627 ,
2684 1561 2809 1614 Ob-

1762 1662 1902 1707 σει-ν,
1933 1643 1991 1694 11
2008 1680 2027 1707 ‚
2061 1644 2094 1696 8
2115 1680 2131 1708 ,
2153 1641 2247 1695 ubi
2272 1642 2347 1695 ait
2380 1642 2551 1695 solam
2566 1641 2803 1695 insulam

1764 1722 1952 1776 Chiam
1979 1740 2233 1795 generare
2256 1721 2549 1775 mastichen
2565 1756 2582 1783 ,
2626 1741 2805 1793 quan-

1760 1820 1923 1875 quam
1946 1801 2243 1855 Galen.1ib.
2259 1804 2316 1855 11
2342 1800 2411 1854 ad
2432 1801 2806 1867 Glauconem,

1762 1883 2048 1954 oegyptiam
2094 1882 2389 1936 mastichen
2432 1880 2802 1935 commendat.

1762 1963 1993 2015 Lentisci
2014 1980 2111 2033 per
2124 1962 2352 2016 Galliam
2370 1962 2805 2029 Narbonensem,

1764 2042 2101 2097 Provinciam
2150 2054 2203 2095 et
2231 2042 2443 2095 Italiam
2486 2054 2763 2095 nascentes
2784 2080 2803 2107 ,

1764 2123 1830 2176 iis
1857 2142 1977 2194 qun
2011 2123 2069 2175 in
2098 2121 2236 2175 Chio
2262 2134 2543 2187 crescam,
2571 2132 2695 2174 sunt
2724 2121 2804 2175 ai·

1764 2202 1918 2256 miles
1940 2220 1957 2267 ς
1980 2202 2185 2256 nullam
2212 2214 2393 2256 tamen
2428 2201 2659 2255 resinam
2686 2201 2809 2253 stil-

1762 2280 1893 2335 lant.
1919 2282 2078 2336 Conf.
2114 2279 2251 2335 Bod.
2283 2282 2341 2335 in
2367 2282 2646 2353 Theophr.
2672 2282 2765 2334 111
2785 2319 2803 2348 ,

1770 2378 1795 2415 1
1810 2363 2163 2415 5.--Pae'stacia
2185 2362 2410 2415 lentiscus
2423 2361 2585 2415 Linn.
2606 2360 2803 2429 (Dipo.

1756 2442 1992 2513 peneand.
2012 2460 2134 2514 gen.
2152 2462 2222 2496 aa
2236 2462 2259 2497 1
2271 2464 2323 2512 ο,
2343 2442 2489 2496 Pers.
2518 2440 2803 2495 Tenhinela.

1764 2522 1797 2574 J
1802 2520 1942 2585 uss.)
1964 2522 2070 2577 En.

1848 2620 1903 2673 7.
1934 2603 2003 2655 Ue
2026 2604 2186 2656 thura.
2207 2604 2257 2655 A
2282 2614 2527 2655 veterum
2550 2600 2801 2655 omnium

1762 2683 2146 2755 exemplarium
2174 2696 2437 2736 consensu
2478 2698 2591 2733 non
2626 2680 2805 2735 disce·

1764 2759 1868 2825 do,
1902 2780 2135 2835 quornm
2188 2762 2304 2816 haic
2338 2773 2589 2815 constans
2633 2761 2803 2816 lectio

1764 2854 1843 2895 est
1868 2859 1883 2895 ε
1926 2860 2233 2914 quanquam
2258 2878 2276 2909 ,
2320 2842 2364 2895 si
2422 2841 2805 2896 Dioscoridem

1766 2938 1937 2975 unum
1985 2924 2041 2975 in
2082 2920 2365 2977 consilium
2404 2920 2660 2975 advocem
2692 2922 2715 2989 (
2740 2921 2805 2975 id

1763 3000 1915 3073 qnod
1931 3002 2149 3074 qnidam
2172 3002 2473 3055 inconsulte
2488 3002 2661 3056 facere
2684 3002 2809 3055 ausi

1762 3093 1891 3137 sunt
1906 3120 1923 3147 ,
1950 3092 2012 3135 ut
2034 3081 2273 3135 Plinium
2296 3082 2497 3135 erroris
2520 3082 2807 3135 insimula-

1764 3158 1978 3229 rent),
2011 3161 2116 3235 legi
2147 3179 2303 3235 posse
2330 3159 2573 3228 videtur,
2605 3162 2807 3215 adnalte-

1762 3254 1905 3295 ratur
1936 3243 2073 3295 thure
2096 3252 2146 3295 ee
2171 3246 2332 3296 resina
2354 3262 2376 3296 .-
2402 3241 2477 3295 sic
2498 3240 2643 3296 enim
2676 3242 2804 3308 ille,

1763 3323 1859 3376 lib.
1882 3322 1935 3389 Ῑ,
1972 3340 2021 3377 c.
2048 3341 2120 3393 90
2145 3343 2159 3375 ι
2208 3328 2445 3377 Δολοῦτπι
2474 3316 2563 3387 δὲ,
2592 3318 2806 3377 λιὸάνου

1762 3404 1849 3457 καὶ
1868 3404 2063 3474 ῥητίνης
2086 3401 2356 3473 ςροὸὑᾶνης
2377 3404 2683 3475 μιγνυμένων
2706 3406 2809 3456 αό-

1763 3488 1848 3553 τῇ.
1874 3486 1945 3537 At
1966 3502 2097 3538 vero
2121 3500 2269 3537 nunc
2290 3482 2535 3554 respicit,
2563 3495 2629 3536 ut
2652 3482 2807 3537 dixi-

1764 3581 1901 3628 mus,
1928 3562 1997 3617 ad
2026 3582 2153 3617 eum
2176 3563 2362 3616 locum
2384 3576 2589 3629 auctor,
2604 3562 2663 3615 in
2685 3578 2805 3635 qno

1762 3642 2009 3697 similiter
2044 3642 2336 3696 adulterari
2368 3643 2523 3697 thura
2564 3643 2801 3714 scripsit.

1845 3722 2137 3777 xxxvn.
2170 3740 2221 3775 1.
2260 3722 2486 3776 Ladona.
2521 3723 2589 3775 In
2620 3723 2807 3776 offici·

1762 3802 1848 3855 nis
1870 3802 2068 3856 retinet
2098 3818 2337 3867 nomen,
2376 3801 2525 3875 quod
2549 3802 2607 3855 in
2639 3802 2805 3857 Creta

1763 3880 1845 3947 fit,
1872 3894 2005 3936 teste
2032 3882 2275 3937 Bellonio
2318 3883 2605 3937 Observat.
2647 3884 2704 3949 1,
2728 3900 2803 3955 7·
2783 3920 2803 3950 ,

1763 3960 1857 4015 sed
1872 3962 2095 4017 minime
2114 3964 2381 4017 sincerum
2392 3961 2528 4016 illud
2546 3962 2802 4035 quidem,

1764 4042 1933 4095 immo
1960 4042 2232 4099 nullarum
2260 4034 2479 4097 virium.
2520 4042 2707 4097 Hsnn.

1845 4140 1897 4177 a.
1920 4121 2123 4177 Odor-is.
2142 4122 2504 4179 Odoratorum
2522 4122 2803 4189 fruticum,
