2984 5009
707 445 858 546 276

1245 450 1324 520 C.
1379 448 1721 555 PLtNll
1776 451 1986 520 NAT.
2042 451 2295 519 HIST.

697 581 1021 652 duodenis
1065 583 1262 652 musti
1295 582 1632 677 amphoris
1669 581 1968 653 fecunda.
2005 580 2241 653 Ulmos
2280 583 2549 678 quidem
2566 585 2803 682 ubique

692 702 1110 785 exsuperant.
1145 689 1599 783 Miratumque
1628 687 2038 760 altitudinem
2074 713 2301 760 earum
2337 692 2574 762 Ariciae
2602 692 2807 762 ferunt

691 794 980 891 legatum
1019 796 1190 890 regis
1225 795 1462 889 Pyrrhi
1488 797 1764 864 Cineam
1786 794 1858 883 ¹⁰,
1894 795 2103 866 facete
2140 794 2370 866 lusisse
2407 799 2477 867 in
2503 801 2803 868 austerio·

690 927 831 971 rem
881 917 1146 998 gustum
1174 901 1340 970 vini¹
1352 900 1396 986 ¹,
1443 902 1681 972 merito
1730 916 2010 973 matrem
2056 903 2198 996 ejus
2236 901 2579 998 pendere
2558 929 2630 974 ιιι
2681 919 2801 975 tam

689 1005 822 1076 alta
885 1033 1103 1080 cruce.
1151 1007 1598 1078 Rumbotinus
1655 1023 1936 1079 vocatur
1956 1007 2002 1033 ¹²
2020 1061 2042 1096 ‚
2082 1023 2149 1080 et
2195 1008 2325 1080 alio
2376 1013 2651 1080 nomine
2690 1036 2804 1107 po-

689 1113 885 1206 pulus
939 1099 1461 1186 arbor¹³1taliae
1528 1113 1780 1186 Padum
1832 1117 2295 1210 transgressu,
2384 1119 2576 1213 cujus
2628 1119 2805 1188 tabu-

685 1295 742 1348 in
771 1290 1036 1363 pergulis,
1075 1307 1193 1360 qua!
1230 1287 1392 1342 denas
1429 1289 1712 1360 amphoras

686 1383 1040 1444 peraequaret,
1053 1369 1346 1424 Columella
1365 1380 1604 1437 testatur,
1614 1367 1709 1424 lib.

687 1453 804 1517 111,
831 1470 878 1504 c.
905 1471 959 1518 9.
977 1452 1152 1502 Ham.

772 1548 794 1582 1
807 1549 863 1583 o.
890 1529 1126 1598 Legatum
1143 1529 1268 1598 regis
1284 1527 1473 1598 Pyrrhi
1491 1527 1707 1582 Cineam.

683 1612 824 1666 Eum
851 1609 1104 1680 ἄπρακτον
1121 1646 1136 1673 ,
1163 1608 1355 1661 infecta
1381 1625 1513 1678 pace
1558 1625 1709 1661 sena-

683 1703 770 1743 tus
805 1687 1047 1752 remisit,
1077 1699 1142 1740 ut
1183 1687 1257 1740 ait
1295 1687 1612 1742 Plutarchus
1650 1687 1707 1740 in

682 1769 923 1838 Pyrrhe,
949 1766 1325 1838 ἀποκρινάμενοι
1345 1767 1595 1830 ἐξελθόντα
1620 1771 1707 1828 τῆς

680 1841 914 1916 italiae,
945 1849 986 1902 ri
1016 1843 1180 1901 δίοιτο
1203 1884 1221 1911 ,
1264 1846 1376 1917 sapi
1419 1847 1577 1917 φιλίας
1622 1847 1707 1900 καὶ

679 1930 966 2001 συμμαχίας
987 1922 1321 2004 &tuM-fadai.
1347 1928 1427 1980 De
1447 1945 1511 1979 eo
1534 1926 1707 1998 legato

677 2011 884 2064 Ennius
906 2005 1050 2080 apud
1076 2007 1376 2060 Varronem
1401 2024 1415 2058 :
1451 2031 1474 2054 c
1506 2005 1707 2060 Orator

678 2090 792 2144 sine
845 2105 974 2159 paee
1029 2085 1203 2151 redit,
1261 2086 1483 2157 regique
1542 2087 1709 2140 refert

679 2187 816 2222 rem.
841 2193 864 2217 n
895 2169 1122 2221 Ds1..-
1141 2167 1360 2222 Cineam.
1377 2165 1623 2220 Diximus
1634 2163 1705 2220 de

681 2248 848 2302 Cinea
869 2246 1085 2302 lib.vl1
1103 2285 1119 2312 ,
1141 2265 1261 2317 cap.
1292 2251 1386 2308 24·
1408 2242 1587 2300 lium.

765 2345 788 2380 1
802 2347 825 2381 ι
839 2367 854 2382 .
899 2329 960 2380 ln
999 2329 1304 2380 aeeseeraboem
1347 2337 1540 2394 gustum
1572 2329 1701 2378 vini.

679 2408 888 2460 Vinum
903 2404 1163 2478 ejusmodi
1180 2419 1354 2458 auum
1371 2416 1422 2456 et
1437 2421 1704 2474 asperum,

677 2487 933 2542 Crucium
956 2498 1110 2538 vocat
1131 2485 1338 2546 Festus,
1367 2482 1573 2536 Gallam
1595 2483 1703 2535 Lu-

676 2567 831 2622 cilius
855 2585 870 2618 :
906 2591 929 2614 ι
955 2566 1088 2630 Quae
1111 2563 1300 2634 gallam
1323 2562 1507 2614 bibere
1526 2580 1589 2616 ac
1614 2581 1706 2614 ru-

675 2642 1077 2718 gaseonducere
1091 2642 1263 2696 ventri
1282 2641 1442 2694 Farre
1455 2659 1702 2706 acetoso,

677 2728 798 2778 oleo
825 2724 1124 2778 decumano
1147 2760 1166 2787 ‚
1197 2741 1336 2792 pane
1377 2721 1552 2792 coegit
1592 2722 1702 2775 Cu·

677 2823 856 2859 mano.
877 2828 900 2851 ι
935 2802 1199 2872 Exemplo
1221 2798 1462 2854 Alexidis
1496 2812 1699 2871 poeta:

679 2881 800 2945 οἶνος
829 2884 1006 2948 ξενικὸς
1040 2887 1201 2953 παρῆν
1221 2913 1240 2940 ,
1271 2883 1296 2934 ὅ
1326 2879 1420 2950 γὰρ
1459 2881 1699 2952 Κορίνθιος

679 2963 985 3034 βασανισμός
1015 2964 1106 3022 tet.
1135 2963 1365 3014 Du..—
1386 2961 1450 3012 In
1475 2963 1704 3014 austerio-

678 3064 792 3098 rem.
823 3045 894 3098 Et
932 3047 1070 3096 hanc
1117 3040 1473 3096 austeritatem
1518 3053 1699 3094 nostro

674 3137 918 3194 tempore
931 3139 1118 3192 magna
1136 3139 1200 3175 ex
1221 3131 1370 3191 parte
1393 3121 1570 3173 ferunt
1580 3119 1703 3174 Ari-

675 3204 771 3257 cio
811 3203 969 3266 vina,
1013 3201 1188 3273 inquit
1223 3197 1394 3264 Andr.
1441 3200 1663 3253 Baccius
1682 3237 1700 3264 ,

676 3284 771 3338 lib.
802 3284 884 3336 vl
915 3281 983 3336 de
1008 3281 1145 3335 vinis
1168 3281 1286 3334 Ital.
1316 3297 1437 3351 pag.
1471 3279 1599 3334 281.
1627 3277 1697 3334 H.

763 3382 786 3416 1
801 3383 852 3417 a.
881 3362 1194 3416 Rumbotinus
1215 3372 1434 3412 vocatur.
1463 3359 1700 3412 Rumbo-

675 3445 816 3497 tinus
845 3441 1112 3498 Columel.
1133 3441 1228 3494 lib.
1247 3439 1326 3506 V,
1359 3457 1474 3509 cap.
1500 3457 1563 3506 7,
1586 3458 1695 3492 non

674 3523 878 3578 arboris
907 3540 1073 3594 genus
1088 3558 1105 3585 ,
1135 3517 1226 3573 sed
1253 3520 1452 3572 arbusti
1477 3518 1697 3584 Gallici,

673 3604 834 3674 vulgo
869 3603 930 3655 de
969 3603 1180 3654 tumim.
1234 3597 1376 3652 vide
1412 3597 1551 3650 infra
1599 3599 1695 3650 lib.

671 3683 895 3746 XXIV,
919 3701 1033 3754 cap.
1065 3699 1156 3749 ¹9·
1182 3681 1317 3732 Du..

758 3781 780 3815 ι
796 3760 848 3816 3.
871 3761 1254 3832 ΡομιιΙωαι-όον.
1273 3757 1356 3812 ΔΙ.
1371 3757 1696 3828 opeelusarbor

671 3842 904 3904 malunt,
932 3858 1090 3914 quarn
1119 3857 1286 3894 corno
1312 3837 1541 3891 similem
1566 3838 1693 3892 facit

669 3920 989 3976 Columella.
1031 3951 1112 3964 --·
1149 3919 1364 3990 Populus
1399 3913 1561 3971 arbor.
1606 3917 1691 3972 Sic

665 4001 791 4055 libri
825 4017 1034 4064 ornnes,
1073 3999 1232 4054 etiam
1261 3997 1416 4051 MSS.
1444 3997 1689 4067 proxime

665 4081 930 4162 appellati.
971 4078 1110 4134 Sunt
1141 4090 1342 4144 tamen,
1383 4077 1478 4149 qui
1518 4079 1688 4148 opulus

1796 1289 1945 1342 arbor
1979 1290 2083 1362 legi
2127 1290 2235 1345 hoc
2272 1291 2393 1344 loeo
2422 1309 2487 1346 ex
2521 1293 2807 1348 Columella

1794 1369 1981 1424 malint
2010 1387 2031 1426 ι
2066 1371 2259 1442 quibus
2294 1389 2393 1442 ego
2422 1371 2617 1427 lubens
2646 1391 2805 1427 assen-

1795 1449 1919 1503 tior.
1960 1450 2049 1504 Sic
2088 1451 2230 1504 enim
2262 1451 2353 1505 ille
2384 1450 2695 1524 descripsit,
2720 1453 2805 1509 lib.

1794 1527 1865 1595 V,
1890 1548 2004 1600 cap.
2027 1549 2081 1600 7,
2113 1547 2235 1601 pag.
2258 1549 2396 1600 ¹9²2
2426 1557 2449 1578 ι
2468 1531 2566 1585 Ειιι
2597 1533 2803 1588 alterum

1792 1627 1955 1679 genus
1984 1610 2187 1664 arbusti
2213 1609 2404 1665 Gallici
2420 1647 2439 1676 ,
2476 1611 2629 1685 quod
2664 1631 2805 1666 voea-

1793 1699 1882 1742 tm·
1932 1691 2305 1760 rumpotinum
2354 1709 2371 1744 ι
2439 1689 2497 1744 id
2554 1691 2809 1747 desiderat

1792 1769 2034 1824 arborem
2053 1769 2339 1839 humilem,
2358 1788 2458 1824 nec
2480 1770 2803 1826 frondosam:

1790 1848 1876 1900 cui
1926 1849 2003 1902 rei
2054 1849 2283 1903 maxime
2328 1849 2544 1904 videtur
2596 1851 2807 1908 idoneus

1790 1928 1985 1999 opulus
2012 1947 2027 1982 :
2054 1947 2117 1984 ea
2142 1941 2221 1984 est
2236 1929 2397 1984 arbor
2418 1949 2591 1984 eor-no
2608 1933 2807 1987 similis.

1790 2007 1939 2074 Quin
1956 2009 2115 2063 etiam
2136 2027 2361 2075 cornus,
2386 2023 2441 2064 et
2464 2012 2739 2084 carpinus,
2759 2023 2807 2065 et

1790 2106 2006 2152 ormus,
2052 2107 2455 2161 nonnumquam
2508 2104 2567 2145 et
2615 2092 2741 2145 salix
2778 2109 2805 2144 a

1788 2167 2059 2238 plerisque
2070 2167 2131 2222 in
2142 2167 2247 2221 hoc
2258 2169 2435 2240 ipsum
2450 2169 2769 2242 disponitur.
2778 2197 2799 2218 ο

1787 2248 1974 2318 Itaque
2052 2249 2422 2318 rumpotinum
2503 2251 2807 2304 Columella

1787 2327 1987 2380 arbusti
2012 2345 2185 2398 genus
2211 2340 2321 2393 est,
2354 2331 2379 2382 ὁ
2409 2324 2664 2402 dudem,
2699 2330 2805 2385 viti-

1788 2406 1886 2458 bus
1903 2405 2211 2460 maritandis
2226 2407 2477 2463 idoneum
2489 2448 2508 2474 ,
2536 2429 2607 2463 ex
2624 2411 2805 2481 epulo,

1788 2504 1993 2550 cornu,
2033 2486 2216 2541 aliisve
2263 2485 2541 2542 conditum
2563 2528 2581 2555 ,
2630 2507 2804 2562 quem·

1786 2563 2076 2618 admodum
2094 2565 2384 2620 ulmal-ium
2400 2585 2461 2622 ex
2481 2569 2664 2623 ulmis.
2682 2571 2807 2642 Ipso

1786 2662 1912 2696 vero
1937 2646 2185 2712 arbores,
2210 2647 2407 2718 quibus
2434 2651 2803 2721 rumpotinum

1784 2725 2091 2790 constabat,
2136 2727 2459 2798 rumpotinoe
2496 2747 2719 2802 qnoque
2754 2742 2805 2782 et

1785 2803 1913 2874 ipsa
1939 2802 2279 2871 dicebantur,
2322 2819 2455 2860 teste
2478 2807 2676 2862 eodem
2706 2809 2807 2862 Co·

1784 2882 1999 2936 lumella
2018 2921 2036 2950 ,
2078 2903 2196 2956 pag.
2252 2886 2375 2956 198.
2426 2886 2668 2953 Plinius,
2714 2888 2803 2942 lib.

1786 2963 2005 3028 XXIV,
2038 2981 2155 3035 eap.
2192 2981 2335 3018 112:
2368 2993 2391 3014 ι
2412 2967 2803 3040 Rumpotinum

1786 3043 2030 3096 arborem
2054 3042 2535 3098 demonstravimus
2564 3049 2710 3104 inter
2728 3067 2805 3102 ar·

1783 3123 1953 3176 busta.
1998 3147 2021 3169 ι
2079 3123 2352 3178 Peculiare
2386 3126 2601 3181 arboris
2646 3145 2805 3199 genus

1783 3201 1882 3256 hac
1903 3220 2034 3255 voce
2052 3202 2251 3276 signat,
2277 3217 2455 3277 atque,
2475 3219 2533 3258 ut
2554 3209 2805 3273 arbitror,

1782 3282 2008 3354 opulum
2041 3302 2155 3336 eam
2181 3321 2198 3346 ,
2234 3282 2303 3338 de
2346 3303 2452 3356 qua
2490 3285 2806 3342 Columella.

1783 3361 1909 3428 Quo
1948 3380 2075 3415 vero
2106 3363 2323 3418 nomine
2362 3365 2629 3437 appellari
2665 3363 2803 3441 apud

1783 3459 1883 3494 nos
1933 3455 2173 3512 oporteat
2202 3482 2219 3509 ,
2271 3456 2430 3516 atque
2482 3443 2627 3500 adeo
2683 3465 2806 3502 num

1783 3519 1928 3592 apud
1955 3541 2052 3575 nos
2082 3523 2257 3588 vivat,
2293 3522 2597 3595 disceptant
2625 3527 2807 3582 herba·

1780 3599 1867 3654 rii.
1893 3600 2099 3654 Verum
2121 3614 2175 3655 et
2192 3604 2452 3675 populum
2476 3605 2535 3658 in
2556 3606 2661 3660 hos
2686 3624 2805 3663 usus

1781 3679 1913 3734 olim
1944 3679 2233 3735 adhibitam
2262 3683 2407 3738 haud
2444 3697 2655 3740 temere
2693 3705 2805 3740 ere-

1782 3759 1997 3826 dimus,
2033 3779 2199 3832 quum
2224 3762 2492 3836 hodieque
2526 3765 2600 3820 ad
2629 3768 2803 3820 Bono·

1776 3839 1952 3905 niam,
2006 3843 2286 3909 Parmam,
2336 3845 2805 3920 placentiamque,

1779 3919 1835 3974 in
1860 3921 1999 3991 agris
2020 3922 2181 3988 vites,
2222 3921 2429 3978 infinita
2452 3925 2627 3988 serie,
2654 3928 2803 3980 arbo·

1775 4018 2005 4072 rumque
2038 4003 2217 4072 potius
2252 4021 2471 4059 nemora
2505 4007 2803 4078 populnea·

1774 4098 1895 4134 rum
1912 4115 1933 4146 ‚
1959 4079 2331 4154 ulmorumque
2356 4083 2461 4140 rint
2476 4119 2496 4152 ,
2526 4085 2585 4140 in
2610 4086 2801 4158 quibus
