2984 5009
908 439 915 447 ’
972 482 1282 551 LIBER
1331 482 1513 549 ιιι.
1976 472 1981 481 ’
2210 480 2309 569 45

184 611 638 707 componitur,
695 612 1006 707 protinus
1059 610 1312 711 fragile.
1373 599 1750 683 Laudatur⁵
1787 636 1987 707 quam
2030 613 2315 685 maxime

182 720 393 789 Punici
435 716 600 787 mali
650 716 826 789 foliis
867 718 1108 809 simile,
1147 744 1272 790 nec
1317 720 1619 814 rugosiS,
1668 718 1891 790 colore
1943 705 2152 790 ruf0⁶.
2194 724 2309 791 Se·

183 825 382 895 mnda
421 825 692 895 bonitas
726 825 994 921 pallido.
1041 813 1461 896 Herbaceum
1526 826 1762 921 pejus,
1818 827 2312 922 pessimumque

183 932 524 1001 candidum
543 986 565 1017 ,
588 932 770 1063 quod
788 948 856 1002 et
873 948 1204 1003 vetustate
1231 934 1473 1003 evenit.
1499 935 1791 1001 Pretium
1816 958 1965 1003 uvae
1981 935 2053 1002 in
2077 931 2311 1005 libras⁷

183 1025 662 1109 x.1.x.friato⁸

701 1064 865 1109 vero
905 1065 1172 1110 amomo
1215 1037 2061 1110 x.va111.Nascitu1-⁹et
2084 1040 2155 1108 in
2184 1042 2383 1110 Ar-²

181 1146 397 1213 meniae
458 1159 690 1240 parte,
728 1170 876 1241 quae
919 1161 1199 1217 vocatur
1240 1150 1460 1217 Otene
1480 1200 1501 1235 ,
1560 1159 1627 1215 et
1671 1146 1744 1213 in
1796 1145 2021 1215 Media
2044 1199 2065 1233 ,
2120 1160 2188 1217 et
2240 1148 2316 1216 in

183 1252 398 1320 Ponto.
419 1250 865 1322 Adulteratur
893 1251 1066 1323 foliis
1096 1254 1382 1341 Punicis,
1425 1266 1492 1321 et
1535 1252 1787 1346 gummi
1806 1250 2085 1346 liquide,
2104 1267 2179 1321 ut
2200 1278 2313 1323 eo-

183 1356 414 1427 haereat
450 1357 948 1454 convolvatque
966 1384 1036 1429 se
1059 1360 1128 1427 in
1145 1384 1292 1429 uvae
1317 1358 1611 1428 modum.
1628 1361 1752 1427 Est
1774 1372 1843 1427 et
1863 1384 2010 1453 quae
2032 1358 2333 1429 vocatur

183 1465 446 1535 amomis
463 1463 546 1551 ¹⁰,
579 1466 802 1535 minus
831 1490 1082 1536 venosa
1107 1481 1308 1561 atque
1337 1465 1599 1550 durior,
1622 1490 1701 1536 ac
1731 1466 1951 1535 minus
1984 1464 2263 1535 odorata
2292 1491 2309 1534 ε

181 1595 300 1663 quo
327 1584 656 1667 apparet,
698 1586 814 1641 aut
842 1570 1019 1641 aliud
1061 1597 1237 1660 esse,
1272 1586 1389 1641 aut
1417 1569 1638 1667 colligi
1668 1572 2121 1642 immaturum.

265 1680 536 1747 XXIX.
569 1677 794 1747 Simile
811 1678 917 1748 his
939 1678 956 1703 ¹
985 1694 1051 1748 et
1077 1680 1348 1748 nomine
1377 1692 1446 1747 et
1479 1678 1719 1747 frutice
1752 1676 2310 1765 cardamomum²,
2354 1703 2379 1737 1

182 1875 392 1931 dieulam
418 1878 666 1950 affingit,
701 1880 746 1932 si
783 1879 852 1933 sit
887 1880 1003 1933 haec
1034 1880 1196 1953 hujus

183 1955 268 2010 luci
289 1958 594 2014 sententia.
621 1958 754 2011 alios
775 1978 838 2029 ex
858 1957 1046 2013 Indica
1066 1961 1194 2025 vite,

181 2036 290 2089 alios
327 2056 394 2091 ex
453 2034 731 2109 βοτρυώδη
776 2038 1000 2105 frutice,
1046 2037 1196 2111 quod

181 2116 316 2184 plane
335 2116 486 2171 idem
504 2130 625 2183 est,
647 2119 847 2171 amomi
866 2138 1029 2171 uvam
1049 2120 1196 2172 nasci

181 2192 368 2249 dixisse.
399 2198 596 2249 Hnn.

245 2282 296 2339 4.
326 2276 660 2348 Cavpiturque
692 2297 798 2329 cum
833 2277 1021 2344 radice,
1043 2282 1196 2331 mani·

177 2356 362 2421 βιῶ.
377 2393 396 2419 ,
421 2368 528 2411 etc.
553 2354 696 2410 Cod.
718 2350 904 2411 Dalec.
931 2362 1123 2429 capitur
1145 2380 1189 2410 c.

185 2452 218 2485 r.
245 2454 387 2487 aaa
403 2437 661 2507 paulatim
699 2435 752 2489 ἐι
785 2437 969 2492 leuiter.
1005 2437 1192 2493 Chiffl.

185 2512 340 2569 haim.
369 2517 480 2568 En.

251 2596 298 2647 5.
340 2594 636 2660 Laudatur,
679 2607 779 2649 etc.
804 2596 1046 2651 Dioscor.
1077 2598 1115 2651 l.
1140 2615 1188 2651 e.

183 2671 358 2745 Vix-gil.
377 2676 500 2729 Ecl.
521 2676 640 2739 m,
668 2678 774 2746 89.
801 2676 1002 2729 «Mella
1021 2676 1194 2730 fluant

185 2750 262 2817 illi,
273 2754 410 2807 ferat
427 2767 488 2807 et
499 2756 670 2807 rubus
687 2773 837 2825 asper
851 2775 1182 2810 amomum.-

249 2838 302 2887 6.
337 2834 662 2901 Coloremfh.
688 2835 986 2889 Dioscorid.
1008 2854 1194 2889 recens

185 2923 226 2963 et
243 2912 568 2979 cadmum,
596 2914 680 2968 vel
711 2916 1034 2969 subrubrum
1051 2934 1191 2987 prae-

185 2990 282 3045 fert.
307 2994 694 3047 Armeniacum
710 3032 726 3055 .
761 2994 1051 3064 optimum,
1075 3016 1191 3067 χρυ-

185 3070 286 3131 uzu
310 3091 326 3125 ε
349 3074 642 3127 Ponticum
659 3111 676 3138 ,
711 3073 1032 3139 secundnm,
1065 3077 1190 3128 sub·

181 3152 346 3205 nsum
367 3164 450 3207 eat
469 3171 486 3205 ε
509 3152 806 3217 Medicum,
827 3152 1188 3217 deterrimum,

183 3229 468 3304 δπόχλωρον,
487 3230 778 3287 subviride.
809 3234 1013 3287 Dante.

251 3329 302 3379 7.
343 3314 426 3365 In'
461 3312 649 3378 libras,
693 3313 774 3364 Χ.
813 3314 934 3365 LX.
977 3314 1195 3367 Denarii

183 3390 450 3462 ungium,
475 3392 584 3446 hoc
612 3403 710 3459 est,
735 3404 927 3448 nostre
947 3406 1192 3461 moneta,

186 3474 242 3529 ξι
261 3470 328 3523 fr.
359 3474 433 3536 46
453 3489 504 3525 c.
531 3473 640 3525 En.

253 3550 305 3602 8.
327 3551 560 3605 Facto...
577 3552 656 3605 Χ.
679 3551 942 3605 XLVIII.
959 3552 1076 3605 Hoc
1093 3564 1193 3617 est,

187 3624 248 3679 33
277 3630 341 3684 fr.
363 3652 434 3702 97
467 3650 516 3685 c.
545 3631 789 3685 Friatum
818 3629 1017 3686 dicitur
1044 3651 1193 3686 amo-

183 3722 349 3776 mnn,
386 3713 545 3783 cnjus
569 3710 733 3765 acini
755 3730 784 3763 ι
831 3710 1082 3781 pediculo
1111 3710 1197 3765 di·

181 3788 326 3841 vulsi.
343 3792 450 3845 En.

255 3886 310 3937 9.
349 3872 608 3935 Nascitur,
639 3882 741 3925 etc.
782 3874 907 3926 Non
939 3872 996 3923 in
1042 3870 1198 3925 India

185 3946 379 4015 tolum,
409 3951 616 4023 inquit,
641 3950 739 4005 sed
769 3965 824 4005 et
849 3954 906 4005 in
929 3953 1194 4005 Armenia.

187 4024 264 4077 Ad
298 4028 528 4084 Pontum
579 4050 714 4084 vero
766 4030 918 4103 qnod
969 4032 1195 4096 attinet,

187 4104 504 4181 meequins
518 4150 536 4177 ,
559 4112 658 4183 qui
678 4129 766 4165 eas
787 4111 1026 4165 lustravit
1043 4128 1192 4175 oras,

1283 1880 1358 1933 sic
1375 1880 1577 1945 retulit,
1594 1897 1681 1950 ep.
1708 1898 1733 1933 1
1744 1898 1833 1951 ,.p
1848 1878 1995 1942 34.«
1971 1881 2311 1947 «Ametinum,

1273 1958 1426 2043 quod
1475 1958 1816 2012 Dioscorides
1854 1958 2013 2011 etiam
2043 1959 2100 2012 in
2133 1961 2309 2014 Ponto

1279 2038 1426 2091 nasci
1465 2037 1685 2104 scribit,
1715 2038 2073 2111 nequicquam
2110 2058 2307 2111 magno

1279 2116 1458 2171 studio
1498 2117 1870 2210 requisivimus
1906 2136 1921 2172 :
1968 2131 2031 2172 ut
2075 2120 2308 2173 nesciam

1281 2198 1512 2269 stirpme
1552 2216 1615 2249 ea
1664 2196 1958 2263 interierit,
2016 2216 2087 2251 an
2134 2198 2309 2253 solnm

1279 2276 1517 2330 verterit.
1536 2300 1559 2323 ι·
1592 2276 1775 2329 Ilum.

1367 2374 1451 2410 ιο.
1485 2357 1725 2409 Amomis.
1763 2347 1973 2426 Ᾰμωμὶς
2003 2355 2305 2411 Dionem-id.

1277 2436 1384 2489 loc.
1413 2436 1500 2491 cit.
1526 2454 1632 2507 qua
1656 2452 1927 2489 amomum
1952 2436 2131 2506 ipsum
2150 2434 2307 2489 adul·-

1280 2516 1436 2569 terari
1460 2515 1667 2581 scribit,
1697 2526 1759 2567 ut
1778 2528 1831 2568 et
1855 2514 2065 2570 Orihas.
2088 2514 2184 2570 lib.
2204 2517 2303 2575 xl,

1278 2613 1400 2665 pag.
1432 2597 1555 2665 189.
1596 2596 1782 2649 Hann.

1355 2675 1563 2728 XXIX.
1586 2692 1629 2727 1.
1645 2673 1812 2728 Simile
1824 2675 1917 2741 his,
1936 2688 2034 2729 etc.
2050 2676 2305 2739 Amomo‚

1279 2767 1334 2808 et
1361 2752 1635 2808 amomidi.
1668 2756 1851 2808 Han.

1363 2852 1390 2885 2
1401 2874 1413 2886 .
1439 2834 1827 2887 Cardamomum.
1840 2829 2220 2905 Καρὸοἱμωμον,
2234 2832 2305 2887 de

1278 2931 1387 2984 quo
1410 2914 1593 2968 Diosc.
1619 2914 1673 2973 1,
1700 2914 1755 2967 5.
1776 2916 1841 2966 In
1859 2911 2089 2967 officinis
2102 2914 2302 2967 retinet

1275 3012 1492 3047 nomen.
1524 2995 1707 3047 Ham).
1732 3026 1815 3036 --
1834 2994 2079 3058 Quatuor
2100 2994 2303 3065 species

1277 3072 1334 3125 in
1359 3073 1465 3127 hoc
1504 3073 1677 3145 capite
1704 3074 1958 3125 Nostrum
1986 3090 2303 3126 enumerare

1277 3154 1416 3205 bene
1434 3151 1573 3205 vidit
1590 3151 1811 3207 Bodaeus
1827 3169 1843 3217 ς
1862 3152 2053 3224 quibus
2078 3170 2207 3205 vero
2232 3152 2301 3204 ab

1278 3232 1581 3286 auctoribus
1606 3252 1691 3287 eas
1714 3232 2003 3304 acceperit,
2048 3250 2103 3285 se
2140 3232 2302 3303 plane

1276 3312 1522 3383 ignorare
1535 3314 1913 3383 fatam-,quum
1925 3312 2303 3365 nniustantum

1279 3391 1456 3445 Graeci
1469 3392 1811 3446 meminerint
1819 3430 1835 3455 ,
1850 3410 1949 3445 nec
1960 3410 2071 3445 non
2080 3390 2302 3445 diversa

1280 3473 1509 3525 multum
1531 3474 1597 3525 ab
1626 3472 1690 3525 iis
1713 3490 1843 3543 quas
1872 3471 2074 3524 Arabes
2102 3469 2303 3523 descri-

1278 3570 1454 3622 psere.
1481 3551 1819 3623 Sprengelius
1836 3589 1851 3614 ,
1870 3550 2005 3603 Hist.
2034 3548 2114 3601 rei
2134 3549 2303 3602 Herb.

1279 3647 1404 3702 pag.
1437 3632 1545 3701 37,
1574 3632 1633 3683 in
1660 3630 1978 3701 Hippocrat.
2018 3626 2088 3681 de
2123 3627 2305 3681 Mox-b.

1283 3711 1411 3763 mul.
1449 3712 1513 3774 1,
1563 3710 1700 3774 603,
1738 3705 2138 3761 cardamomum
2182 3720 2308 3763 ante

1284 3788 1579 3844 Alexandri
1604 3786 1844 3843 ἀνάὃασιν
1868 3786 2065 3841 Grecis
2090 3805 2311 3859 prorsus

1285 3870 1524 3941 ignotum
1544 3869 1702 3923 suine
1724 3866 2120 3932 animadvertit3
2147 3868 2312 3921 libros

1288 3949 1448 4003 etiam
1464 3989 1480 4013 ,
1514 3950 1573 4002 in
1604 3949 1797 4022 quibus
1821 3962 2167 4012 memoratur,
2188 3948 2313 4001 Pto-

1279 4030 1590 4083 lemoeorum
1632 4048 1805 4083 ovum
1864 4046 2067 4100 sapere.
2109 4028 2313 4098 Hippo-

1283 4122 1512 4163 crateam
1570 4123 1747 4164 tamen
1815 4110 2047 4180 speciem
2102 4104 2316 4163 Αιιιοιιιί
