2984 5009
695 472 788 557 84

1232 472 1309 539 C.
1365 470 1699 539 PLINII
1748 470 1961 539 NAT.
2010 470 2266 539 HIST.

694 608 812 676 uni
851 619 1182 676 terrarum
1215 607 1253 672 J
1258 602 1461 673 udaeae
1476 600 1499 628 ²
1538 602 1931 673 concessum
1961 658 1982 690 ‚
2042 602 2383 699 quondam
2404 589 2427 629 ³
2470 603 2541 673 in
2577 604 2817 673 duobus

693 727 955 783 tantum
1023 712 1272 797 hortis»,
1317 724 1605 805 utroque
1666 711 1851 805 regio
1883 765 1904 797 ‚
1942 709 2156 780 altero
2198 711 2509 805 jugerum
2560 736 2647 780 xx
2697 734 2819 780 non

691 819 978 915 amplius
1003 872 1022 907 ,
1058 815 1268 887 altero
1293 818 1706 913 pauciorum.
1737 816 2113 887 Ostendere
2154 805 2624 887 arbusculam⁴
2662 818 2820 887 hanc

693 926 869 997 Urbi
907 928 1355 1046 Imperatores
1389 924 1833 1019 Vespasiani:
1880 923 2269 1018 clarumque
2305 924 2527 1011 dictu,
2571 950 2610 994 a
2644 926 2822 993 Pom-

691 1034 847 1129 peio
879 1034 1182 1127 Magnos
1165 1058 1232 1101 m
1261 1030 1607 1125 triumpho
1633 1030 1907 1101 arbores
1941 1056 2209 1126 quoque
2231 1017 2604 1102 duximus⁵.
2626 1030 2825 1101 Servit

690 1165 875 1209 nunc
906 1139 1089 1227 haec,
1117 1153 1188 1208 et
1215 1139 1469 1208 tributa
1507 1136 1739 1231 pendit
1764 1162 1922 1207 cum
1948 1162 2069 1207 sua
2106 1152 2345 1233 gente,
2371 1140 2445 1208 in
2476 1152 2685 1209 totum
2706 1135 2823 1207 alia

693 1261 961 1334 natura,
999 1270 1202 1341 quam
1239 1245 1450 1313 nostri
1490 1245 1879 1337 externique
1922 1244 2373 1375 prodiderant.
2422 1247 2688 1341 Quippe
2722 1244 2825 1312 viti

692 1352 970 1424 similior
1007 1367 1146 1440 est,
1181 1375 1388 1445 quam
1432 1365 1672 1445 myrto.
1710 1336 2087 1420 Malleolis⁶
2123 1353 2254 1420 seri
2292 1352 2578 1439 dicitur,
2632 1374 2827 1446 nuper

692 1458 982 1547 vincta⁷‚
1021 1473 1097 1528 ut
1123 1458 1325 1526 vitis,
1369 1472 1440 1527 et
1471 1454 1710 1552 implet
1746 1455 1951 1527 colles
1993 1458 2343 1529 vinearum
2364 1404 2659 1545 ⁸m0d0‚
2698 1481 2829 1552 quoe

779 1742 831 1776 ο.
854 1722 956 1775 Um‘
972 1735 1206 1774 terrarum
1221 1720 1430 1774 Judoeoe.
1463 1720 1535 1773 Et
1563 1724 1729 1794 AEgy-

694 1815 812 1874 pto,
832 1796 1017 1856 Diosc.
1047 1802 1242 1856 Strabo
1265 1802 1360 1855 lib.
1391 1801 1551 1867 XVI,
1574 1802 1733 1855 silve·

695 1896 810 1936 stre·
849 1883 998 1935 nasci
1037 1881 1199 1935 tradit
1239 1882 1296 1933 in
1329 1881 1613 1934 maritimis
1636 1880 1732 1934 Sa·

694 1964 960 2016 beorum.
978 1962 1264 2015 Pausanias
1277 1962 1335 2013 in
1355 1961 1603 2015 Boeoticis
1614 1961 1733 2015 bal-

699 2043 831 2096 sami
865 2043 1084 2096 arbores
1117 2041 1174 2094 in
1203 2040 1402 2094 Arabia
1443 2038 1703 2094 describit
1720 2078 1737 2109 ,

697 2134 1005 2195 myrtetum
1021 2120 1391 2193 magnitudine
1405 2160 1420 2187 ,
1433 2121 1579 2173 foliis
1591 2138 1737 2173 ama-

1820 1722 2197 1794 Dalecampius
2225 1722 2387 1793 legit,
2432 1734 2485 1775 et
2521 1742 2647 1776 nunc
2687 1720 2835 1794 ineptae

1820 1802 1965 1855 colles
2001 1806 2251 1855 vinearum
2280 1802 2423 1855 modo
2438 1841 2455 1869 ‚
2492 1815 2596 1857 etc.
2644 1802 2836 1874 inepte,

1820 1882 1971 1953 quasi
1996 1901 2111 1945 non
2130 1894 2186 1935 et
2210 1894 2335 1936 ante
2354 1883 2638 1936 victoriam
2650 1884 2834 1935 Roma·

1820 1980 2016 2015 norum
2042 1962 2211 2016 colles
2225 1962 2481 2034 impleret
2504 1963 2719 2017 balsami
2742 1962 2839 2015 fru-

1822 2053 1934 2095 tex.
1966 2040 2229 2095 Praecedit
2256 2060 2271 2095 t
2302 2045 2481 2113 quippe
2520 2047 2621 2097 viti
2656 2041 2841 2101 sin-ilion,-

1821 2140 1966 2193 quam
1988 2134 2148 2193 myrto
2169 2122 2405 2174 malleolis
2426 2128 2527 2177 seri
2542 2124 2735 2190 dicant,
2763 2138 2840 2173 nu-

700 2202 830 2255 raci.
865 2202 1068 2256 Dautc.
1091 2232 1174 2245 -
1206 2202 1310 2253 Uni
1333 2214 1529 2254 terram.
1561 2201 1738 2253 Theo-
1816 2218 1911 2270 per
1932 2203 2122 2268 vincta,
2144 2214 2203 2253 ue
2226 2205 2375 2254 vitis:
2404 2203 2523 2269 hnc
2545 2204 2700 2257 falsa:
2730 2218 2841 2253 nam

701 2282 907 2355 plu-ast.
934 2281 1068 2335 Hist.
1102 2282 1280 2334 Plant.
1303 2282 1416 2343 IX,
1435 2286 1489 2332 6.
1517 2279 1741 2331 Diosco-

702 2360 837 2415 ridis
863 2380 977 2415 oevo
1003 2361 1162 2413 etiam
1197 2360 1254 2411 in
1279 2362 1515 2431 AEgypto
1554 2375 1737 2409 nasce-

703 2442 896 2505 batur,
917 2441 1036 2511 ipso
1073 2437 1131 2491 id
1161 2436 1424 2509 prodente
1441 2437 1503 2501 1,
1550 2438 1643 2491 18.
1672 2437 1738 2489 In

707 2520 972 2586 officinis,
1010 2519 1055 2570 le
1091 2518 1261 2569 haume
1294 2518 1436 2569 blanc
1479 2516 1543 2566 de
1566 2516 1738 2569 luda.

709 2598 815 2654 sed
835 2601 923 2653 vix
945 2596 1134 2651 haberi
1163 2608 1368 2668 potest,
1401 2594 1505 2649 nisi
1532 2592 1743 2650 adulte-

709 2680 917 2734 rinum.
949 2678 1138 2729 Ham).

798 2761 851 2813 3.
884 2757 1160 2827 Quondam.
1182 2756 1326 2808 Dum
1343 2772 1573 2826 regnum
1598 2754 1742 2808 suda

711 2850 873 2892 staret
913 2856 929 2894 t
977 2838 1089 2890 sive
1138 2852 1309 2907 usque
1352 2834 1423 2888 ad
1460 2847 1670 2906 captam
1710 2854 1743 2891 u

711 2915 1244 2972 Nabuchodonosore
1261 2916 1294 2967 J
1299 2914 1509 2969 udnam
1538 2933 1554 2968 τ
1577 2915 1665 2969 vel
1690 2926 1743 2968 et

712 2999 814 3051 sub
841 2994 1076 3050 Herode.
1106 2996 1290 3049 Han.

799 3084 852 3141 4.
915 3076 1258 3130 Arba-sculum.
1315 3074 1470 3128 MSS.
1520 3092 1707 3128 omnes
1726 3114 1743 3141 ,

713 3158 844 3229 Reg.
875 3158 1116 3210 Colbert.
1143 3155 1312 3209 Paris.
1335 3153 1574 3209 Chifflet.
1598 3155 1739 3207 arbu-

717 3248 832 3289 tum.
849 3235 1033 3290 Hann-

801 3315 855 3369 5.
889 3316 1152 3369 Duximus.
1195 3317 1262 3369 In
1310 3304 1469 3368 MSS.
1516 3313 1742 3369 diximus.

715 3396 892 3468 Supra
921 3414 1039 3467 cap.
1065 3415 1124 3465 9,
1155 3398 1386 3449 ebenum
1415 3394 1663 3449 arborem
1686 3395 1743 3447 in

713 3474 1078 3531 Mithridatico
1087 3474 1366 3547 triumpho
1373 3476 1562 3529 Romo
1572 3486 1746 3529 osten-

713 3576 825 3611 sam
852 3575 882 3609 a
903 3557 1164 3629 Pompeio
1184 3554 1342 3609 dixit.
1359 3554 1542 3607 Haun-

797 3640 853 3689 6.
881 3636 1130 3689 Malleols‘s
1151 3640 1251 3688 seri
1269 3636 1467 3689 dicitur.
1500 3634 1741 3688 Ramulis

685 3732 782 3769 ‘ex
806 3714 974 3786 stirpe
995 3716 1210 3784 decisis,
1232 3727 1288 3769 et
1321 3716 1380 3768 in
1416 3727 1614 3768 terram
1652 3712 1741 3767 de-

712 3795 881 3849 fossis.
905 3795 1048 3848 Galli
1065 3796 1352 3858 malleolos,
1363 3794 1446 3847 des
1463 3807 1731 3859 marcoten,

711 3874 974 3928 malleolis
991 3894 1183 3941 serere,
1199 3876 1647 3946 mercetur-‚vulgo
1659 3873 1743 3928 di-

711 3966 859 4010 cunt.
887 3954 1060 4009 Habet
1091 3955 1208 4010 haec
1239 3954 1455 4009 Solinus
1491 3972 1742 4028 quoque,

709 4052 828 4105 cap.
853 4053 1013 4089 xxxv,
1034 4034 1215 4090 Hnn.

794 4133 849 4186 7.
901 4116 1074 4187 Nuper
1103 4118 1330 4169 vincta...
1373 4115 1541 4185 implet
1574 4114 1733 4167 eolles.

1824 2280 2065 2350 sequitur
2090 2299 2105 2333 :
2150 2292 2201 2333 et
2226 2282 2392 2351 implet
2418 2283 2570 2336 colles
2608 2285 2841 2333 wunsam

1824 2358 1999 2424 modo,
2030 2379 2139 2431 qua
2176 2364 2281 2412 sine
2314 2360 2625 2415 adminiculis
2658 2382 2711 2431 se
2740 2364 2843 2431 ipso

1824 2440 2092 2493 sustinent:
2110 2438 2155 2492 si
2176 2438 2289 2492 sine
2306 2438 2655 2497 adminiculis
2675 2440 2843 2511 seipsa

1826 2517 2053 2571 sustinet
2082 2518 2197 2571 baio
2224 2519 2541 2586 arbuscula,
2568 2520 2703 2594 quid
2722 2535 2846 2592 opus

1826 2614 1945 2649 eam
1964 2596 2198 2650 vinciri?
2218 2598 2417 2653 flustra
2434 2601 2723 2666 vinciatur,
2741 2618 2849 2671 quo

1828 2674 2301 2731 adminiculatione
2349 2698 2464 2733 non
2508 2694 2648 2753 eget.
2686 2682 2845 2735 snm.

1824 2787 1909 2801 -—
1938 2756 2111 2827 Nuper
2126 2761 2313 2811 vinem,
2334 2760 2401 2813 ln
2428 2760 2591 2817 Mss.
2622 2764 2851 2833 Regum·

1821 2856 1916 2907 per
1942 2836 2091 2889 dicta.
2128 2836 2367 2910 Antiqua
2410 2858 2584 2895 mauu
2621 2839 2851 2895 emende-

1829 2927 1945 2969 tum
1976 2916 2036 2969 in
2060 2915 2182 2971 cod.
2216 2918 2347 2989 neg.
2384 2938 2441 2985 a,
2460 2926 2621 2976 vieta.
2644 2923 2711 2975 In
2728 2917 2847 2973 edit.

1826 2996 2093 3068 principe,
2104 2998 2281 3067 juncta
2296 3018 2320 3060 ,·
2349 2998 2503 3055 unde
2532 3002 2672 3055 male
2691 3018 2853 3055 emen·

1828 3075 2013 3129 datum
2034 3077 2090 3129 in
2106 3089 2331 3131 reoentt.
2358 3077 2521 3135 editt.
2538 3086 2727 3135 vincta.
2740 3079 2855 3134 Sine

1830 3153 2200 3222 adminiculis,
2242 3157 2359 3211 sine
2398 3160 2643 3216 vinculis
2684 3180 2741 3215 se
2774 3178 2855 3213 su-

1830 3235 1991 3289 stinet
2008 3236 2303 3290 balsamum
2330 3255 2349 3296 z
2387 3250 2445 3293 at
2480 3260 2665 3314 nuper
2692 3261 2723 3295 a
2756 3240 2855 3293 Ro·

1830 3316 2005 3369 mauis
2014 3328 2128 3369 erat
2136 3316 2401 3383 vinctum,
2414 3332 2483 3373 ut
2505 3320 2859 3386 malleolisdss

1831 3408 2103 3462 mar-eoem,
2115 3409 2399 3464 sereretur,
2414 3412 2473 3453 et
2492 3404 2673 3473 major
2688 3401 2859 3457 citior·

1828 3492 1937 3547 que
1960 3489 2097 3531 esset
2120 3490 2429 3548 proventus.
2459 3480 2640 3535 Βιοτ.

1911 3557 1965 3611 8.
1984 3557 2065 3610 Et
2076 3558 2241 3628 implet
2257 3558 2401 3611 colles
2416 3562 2684 3615 vineas-mn
2710 3560 2860 3615 modo.

1828 3636 1937 3700 Et,
1963 3636 2008 3690 si
2048 3656 2163 3689 non
2200 3637 2471 3693 vinciatur
2490 3676 2511 3706 ,
2554 3660 2615 3696 se
2656 3643 2772 3716 ipsa
2810 3639 2861 3694 in

1826 3715 2057 3769 collibus
2084 3717 2343 3783 sustinet,
2376 3737 2481 3773 nee
2517 3720 2866 3777 adminicula·

1830 3794 1979 3849 tione
1996 3808 2131 3867 eget.
2161 3797 2197 3849 J
2198 3798 2433 3865 ustinus
2454 3799 2560 3855 lib.
2592 3801 2837 3856 xxxvl
2852 3838 2869 3867 ‚

1830 3892 1947 3946 cap.
1984 3875 2079 3941 3,
2064 3894 2121 3929 ιιι
2146 3877 2424 3931 vinearum
2456 3899 2679 3936 morem
2706 3881 2867 3937 excoli

1826 3952 2089 4025 prodidit.
2119 3957 2335 4011 Solinus
2364 3976 2378 4009 :
2414 3984 2441 4007 ι
2457 3959 2591 4015 Jam
2614 3962 2773 4017 nobis
2795 3962 2867 4014 1·-

1824 4034 2019 4167 gssimi
2076 4036 2241 4090 colles
2287 4034 2489 4093 sudant
2544 4042 2805 4097 balsama.
2838 4066 2861 4089 ι

1878 4133 2007 4169 sun.
