2984 5009
644 393 797 482 430
1180 394 1261 463 c.
1316 393 1660 462 PLINIJ
1718 392 1940 460 NAT.
2001 391 2262 462 HisT.

644 530 774 597 tius
793 515 844 554 ²³
872 525 1173 596 maximis
1199 524 1430 610 bonis,
1457 524 1594 594 hoc
1619 538 1756 606 est,
1778 523 2026 592 virtute
2057 546 2134 594 ac
2158 525 2403 620 pietate
2423 579 2442 614 ‚
2465 549 2544 596 ac
2579 543 2778 598 morte

643 633 961 729 praeclara
998 631 1399 727 expleverat.
1460 633 1674 725 AEque
1715 630 1990 700 fortuita
2031 630 2266 700 eodem
2310 631 2464 702 loco
2509 649 2609 704 est
2645 636 2782 703 vitis

643 755 859 876 atque
898 739 1080 838 olea,
1138 738 1393 810 umbrae
1446 740 1698 834 gratia,
1745 733 2092 822 sedulitate
2135 737 2394 832 plebeia
2445 754 2618 810 satae.
2669 745 2783 809 Ara

640 835 859 917 inde²⁴
893 844 1155 982 susblata
1206 844 1603 940 gladiatorio
1640 844 1958 914 munere²
1963 832 2186 913 ⁵Divi
2219 839 2412 936 julii,
2443 847 2623 942 quod
2663 873 2780 917 no-

648 955 952 1028 vissime'
957 943 1347 1048 ⁶pugnavit
1382 954 1450 1021 in
1497 951 1669 1021 foro.

578 1086 602 1122 1
750 1064 942 1132 XXI.
978 1057 1403 1130 Admirabilis
1434 1073 1537 1129 est
1563 1059 1746 1154 pomi
1777 1057 2057 1152 hujusce
2091 1056 2462 1147 festinatio,
2501 1062 2686 1131 unius
2719 1063 2778 1130 in

640 1171 933 1256 cunetis,
984 1167 1070 1236 ad
1123 1167 1576 1235 maturitatem
1619 1166 2036 1262 properantis
2079 1181 2221 1235 arte
2263 1181 2545 1237 naturae.
2578 1157 2777 1257 (xix.)

643 1273 1061 1372 Caprifieus¹
1092 1288 1376 1343 vocatur
1396 1299 1434 1342 e
1468 1273 1756 1344 silvestri
1785 1298 2027 1368 genere
2065 1271 2230 1344 ficus
2258 1299 2622 1371 numquam
2657 1299 2776 1344 ma-

643 1379 1047 1469 tur-escens',
1088 1380 1204 1451 sed
1243 1380 1477 1512 quod
1456 1405 1602 1475 ipsa
1629 1405 1767 1450 non
1803 1381 2052 1467 habet,
2093 1379 2236 1450 aliis
2267 1373 2582 1452 tribuens
2587 1435 2606 1469 ‚
2638 1405 2776 1477 quo·

642 1492 821 1560 niam
851 1503 953 1559 est
977 1473 1333 1557 naturalis³
1363 1509 1715 1558 causarum
1747 1489 2064 1557 transitus
2079 1503 2325 1582 ,atque
2351 1515 2390 1558 e
2465 1504 2774 1558 utrescen-

643 1596 824 1667 tibus
859 1595 1217 1666 identidem
1246 1609 1607 1690 generatur
1633 1594 1902 1726 aliquid.
1935 1597 2119 1690 Ergo
2153 1595 2400 1666 culices
2469 1598 2680 1692 parit:
2713 1595 2773 1664 hi

642 1703 935 1774 fraudati
978 1701 1347 1773 alimento
1329 1726 1399 1772 in
1440 1687 1703 1772 matre⁵
1729 1755 1750 1790 ‚
1791 1704 1973 1798 putri
2013 1703 2156 1797 ejus
2197 1688 2386 1773 tabe⁶
2391 1704 2526 1791 ‚ad
2555 1726 2772 1798 cogna-

646 1811 824 1881 tam⁷
856 1810 1127 1881 volant:
1164 1834 1528 1906 morsuque
1553 1809 1834 1882 ficorum
1861 1810 2145 1899 crebro,
2178 1810 2314 1880 hoe
2348 1825 2483 1898 est,
2509 1810 2773 1880 avidiore

644 1933 840 2013 pastu
871 1919 1242 2014 aperientes
1280 1941 1399 1986 ora
1434 1902 1710 1986 earum⁸
1715 1932 1967 2012 ,atque
1997 1919 2089 1986 ita
2118 1931 2583 2014 penetrantes,
2619 1919 2773 1985 intus

645 2025 853 2096 solem
880 2027 1100 2120 primo
1135 2049 1363 2094 secum
1400 2022 1727 2094 inducunt
1731 2024 2182 2119 ‚cerealesque
2215 2049 2410 2094 auras
2441 2025 2777 2094 immittunt

646 2132 901 2203 foribus
933 2129 1307 2227 adapertis⁹
1316 2161 1349 2197 .·
1379 2133 1545 2200 Mox
1589 2130 1876 2202 lacteum
1917 2133 2274 2201 humorem
2296 2185 2314 2212 ‚
2355 2132 2488 2201 hoc
2525 2147 2656 2219 est,
2691 2131 2775 2198 in·

731 2345 825 2416 33.
856 2343 1069 2398 Curtius.
1103 2344 1280 2410 Quem
1302 2361 1358 2396 se
1378 2341 1684 2408 devovisse,
1859 2365 1910 2399 2.
1973 2345 2124 2398 Ficus
2165 2363 2424 2418 numquam
2475 2355 2776 2397 inclarescens.

646 2425 1026 2497 concitateque
1070 2442 1210 2495 equo
1254 2423 1536 2478 immisisse
1571 2441 1684 2478 sese
1772 2425 2132 2496 Theophrast.
2153 2425 2292 2479 Hist.
2313 2424 2408 2478 lib.
2434 2427 2523 2490 11,
2545 2443 2658 2496 cap.
2691 2441 2776 2484 1²3

647 2505 701 2558 in
728 2519 927 2560 vastam
958 2522 1174 2576 specum
1202 2543 1220 2570 ,
1276 2502 1460 2556 medio
1517 2504 1685 2557 ferme
1776 2504 2076 2568 Palladius,
2094 2506 2194 2558 lib.
2219 2506 2312 2571 11,
2343 2524 2466 2577 cap.
2497 2508 2774 2559 rmDAuc.

646 2585 797 2649 foro,
842 2603 1013 2657 quum
1040 2583 1244 2656 ingenti
1268 2584 1416 2636 hiatu
1440 2583 1516 2636 ibi
1545 2596 1683 2636 terra
1857 2585 1912 2638 3.
1945 2586 2044 2638 Est
2065 2585 2324 2639 naturalis.
2355 2587 2560 2656 Sponte
2579 2603 2668 2640 sua
2682 2601 2782 2636 cau·

646 2663 988 2726 discessisset,
1036 2676 1259 2717 narrant
1299 2663 1529 2716 Romani
1557 2669 1688 2716 scri-
1775 2681 1874 2730 ω,
1911 2691 1935 2713 ι
1960 2665 2158 2736 quibus
2180 2664 2382 2736 aliquid
2405 2665 2661 2737 gignitur,
2680 2690 2699 2710 a·
2723 2680 2778 2716 eo

646 2759 862 2816 ptores,
910 2743 1095 2797 Livius
1125 2743 1404 2815 inprimis,
1428 2743 1524 2795 lib.
1549 2742 1688 2808 vn,
1779 2757 2084 2809 transeunt,
2114 2765 2222 2818 quo
2253 2759 2410 2800 vocnt
2439 2747 2652 2800 Natura.
2672 2743 2732 2796 Η.

647 2843 769 2896 pag.
806 2844 829 2878 1
844 2844 937 2878 Μ.
986 2823 1175 2878 Festus
1196 2841 1210 2876 :
1249 2850 1273 2872 ι
1302 2823 1523 2876 Curtius
1543 2823 1690 2876 lacus
1862 2832 1914 2889 4.
1933 2827 2077 2896 Ergo
2095 2826 2284 2879 culices.
2309 2829 2448 2880 Rem
2467 2839 2628 2880 totam
2647 2825 2779 2878 aher-

647 2905 949 2977 appellatur
975 2922 1005 2956 a
1034 2903 1223 2956 Curtio
1239 2943 1255 2967 ‚
1278 2903 1375 2975 qui
1396 2923 1465 2958 ex
1480 2921 1544 2956 eo
1565 2903 1689 2957 loco

648 2985 705 3038 in
720 2981 1197 3056 profundissimum
1219 2983 1426 3038 hiatum
1446 3001 1502 3037 se
1520 2984 1591 3036 ob
1615 3004 1693 3038 su·

649 3065 816 3120 lutem
843 3064 1038 3137 populi
1060 3064 1270 3118 romani
1298 3063 1542 3136 projecit.
1561 3089 1584 3111 n
1607 3064 1691 3119 Η.

736 3151 829 3209 ²4·
867 3146 979 3198 Ara
1000 3143 1127 3196 sande.
1156 3145 1241 3197 Its
1278 3145 1410 3215 Reg.
1444 3157 1500 3197 et
1531 3145 1688 3198 Colb.

650 3227 717 3280 In
745 3225 928 3279 Chiffl.
971 3229 1083 3292 ira,
1109 3225 1266 3296 male.
1302 3223 1572 3278 Sacellum
1605 3225 1690 3277 in-

649 3305 867 3378 telligit,
890 3304 1079 3378 dequo
1100 3324 1263 3377 supra
1281 3303 1542 3371 diximus,
1564 3323 1690 3377 pag.

655 3393 765 3458 4²7
787 3429 803 3453 ,
826 3398 937 3439 not.
973 3387 1062 3441 13.
1086 3386 1273 3440 Ηυιο.

737 3485 765 3518 2
778 3469 807 3520 5
818 3506 830 3519 .
850 3467 1167 3521 Gladiatorio
1178 3485 1385 3522 munere.
1397 3463 1540 3519 Vide
1549 3465 1688 3518 infra

650 3544 748 3601 lib.
767 3547 905 3600 xlx
924 3587 939 3608 ,
967 3565 1083 3619 cap.
1112 3566 1136 3600 1
1162 3582 1180 3609 ‚
1208 3547 1307 3598 sub
1330 3546 1516 3599 finem.
1547 3547 1686 3600 Dn..

629 3629 638 3635 '
734 3630 825 3679 26.
859 3625 1011 3696 Quod
1034 3628 1300 3678 novissime.
1347 3625 1518 3681 Paulo
1563 3639 1690 3680 ante

650 3723 856 3758 necem.
882 3707 963 3759 De
984 3707 1093 3760 hoc
1117 3705 1437 3777 gladiatorio
1465 3725 1689 3760 munere

651 3785 1273 3854 Tranquillusinsulio,
1298 3805 1417 3857 cap.
1438 3807 1489 3838 x.
1511 3787 1582 3840 H.

735 3865 889 3918 XXI.
915 3885 967 3918 1.
986 3863 1496 3936 caprificus.Arbo1-i
1521 3885 1691 3938 grace

652 3963 855 3998 nomen
876 3943 1133 4016 ipwbc,fi„
1114 3949 1248 3999 ‹ruier
1266 3966 1515 4017 sauuage:
1544 3947 1688 4018 ἐρινὸν

651 4042 867 4094 pomo:
894 4025 1091 4078 Athen.
1108 4025 1205 4078 lib.
1224 4027 1343 4094 111,
1370 4044 1490 4098 pag.
1515 4030 1604 4094 76.
1621 4027 1691 4080 H.

1777 2904 1916 2958 rime
1971 2906 2376 2977 Theophrastus
2417 2901 2690 2980 explanat,
2727 2900 2780 2954 de

1781 2983 1938 3040 Caus.
1972 2986 2048 3059 pl.
2087 2984 2183 3040 lib.
2235 2988 2325 3051 ΙΙ,
2361 3006 2482 3059 cap.
2537 3005 2638 3050 ιιι,
2683 3001 2780 3056 ρᾶς-

1785 3069 1897 3130 246
1923 3087 1942 3134 ς
1971 3066 2138 3120 Arist.
2163 3085 2383 3139 quoque
2407 3067 2476 3120 H.
2511 3073 2576 3121 A.
2607 3065 2696 3118 lib.
2715 3063 2780 3124 V,

1779 3165 2146 3219 cap.27,pag.
2173 3145 2310 3202 633.
2336 3148 2552 3202 Calices
2567 3147 2780 3217 higraeeo

1779 3227 2029 3298 scriptori
2055 3230 2219 3294 ψῆνις.
2244 3227 2434 3282 Ηιιιι).

1863 3307 1918 3362 5.
1951 3307 2014 3360 In
2058 3321 2227 3361 metm.
2270 3309 2336 3362 In
2369 3308 2637 3380 caprifico·
2661 3303 2720 3356 H.

1863 3389 1914 3440 6.
1951 3385 2098 3438 Pam·
2121 3391 2222 3460 ejus
2253 3389 2383 3442 tabe.
2415 3387 2676 3454 Quoniam
2696 3394 2780 3436 tota

1777 3467 1927 3520 intus
1957 3468 2081 3520 tabe
2105 3469 2402 3538 putruerit.
2431 3469 2613 3522 Ham.

1805 3609 1812 3616 ,
1863 3567 1918 3618 7.
1957 3547 2053 3601 Ad
2083 3561 2362 3619 cognatam.
2395 3547 2480 3602 Ad
2505 3547 2656 3601 ficum
2681 3540 2778 3597 sati·

1777 3645 1920 3682 vam.
1949 3626 2140 3682 nino.

1862 3710 1913 3762 8.
1953 3708 2063 3762 Ora
2081 3727 2264 3762 earum.
2287 3707 2518 3761 Fleuum
2543 3700 2778 3761 acumini

1777 3806 1962 3842 morsu
2018 3789 2298 3854 vellicant,
2345 3785 2774 3860 adaperiuntque=

1779 3868 1874 3930 τὰς
1901 3868 2424 3941 xopupdgyTheopbr.
2457 3868 2586 3922 nist.
2613 3865 2681 3937 pl.
2704 3861 2778 3914 lib.

1781 3951 1876 4015 11,
1903 3967 2020 4022 cap.
2047 3969 2098 4018 9.
2125 3947 2307 4000 Hsnn.

1869 4049 1922 4098 9.
1994 4029 2306 4099 Cerealesque
2361 4049 2510 4082 auras
2563 4027 2779 4080 immineant
