2984 5009
683 461 834 534 236
1143 493 1147 502 ·
1209 467 1284 534 G.
1343 467 1691 538 PLINII
1746 467 1964 536 NAT.
2022 467 2273 535 HIST.

678 621 718 664 a
749 596 998 668 morbis
1030 599 1214 667 omni
1242 599 1404 668 usu⁷
1436 615 1813 694 praestante.
1846 584 2067 688 Quin⁸
2095 613 2165 668 et
2196 597 2561 668 nutricibus
2590 597 2660 666 in
2692 598 2797 666 de·

676 702 856 772 fectu
888 700 1074 773 lactis
1107 704 1366 774 aridum
1387 756 1408 788 ‚
1453 721 1653 800 atque
1684 709 1757 786 *in
1796 729 1965 800 aqua
1994 705 2343 774 decoctum
2363 759 2383 792 ‚
2420 706 2611 799 potui
2654 726 2799 771 cum

676 810 834 878 vino
876 808 1016 877 dari
1053 811 1280 904 jubet:
1315 811 1641 882 firmiores
1680 811 2119 906 celsioresque
2154 810 2441 880 infantes
2484 811 2649 880 fore.
2686 812 2799 877 Vi-

677 913 886 984 ridem
932 917 1129 985 etiam
1173 915 1462 1012 gallinis,
1507 933 1623 988 aut
1673 921 1726 988 si
1770 920 2047 1002 aruerit,
2104 917 2573 987 madefactum.
2634 919 2802 1009 Apes

675 1020 984 1115 quoque⁹
1013 1047 1376 1117 numquam
1407 1024 1636 1096 defore
1670 1027 1860 1120 cytisi
1889 1022 2135 1119 pabulo
2162 1025 2621 1118 contingente,
2656 1045 2801 1116 pro-

674 1129 948 1197 mittunt
982 1131 1411 1200 Democritus
1455 1146 1522 1201 et
1566 1131 2084 1201 Aristomachus.
2140 1131 2284 1201 Nec
2322 1127 2505 1198 aliud
2538 1128 2803 1196 minoris

675 1234 993 1329 impendii
1035 1251 1153 1306 est.
1199 1238 1456 1306 Seritur
1483 1263 1638 1308 cum
1678 1235 2001 1308 hordeo¹⁰
2032 1250 2204 1306 :aut
2238 1234 2459 1304 vere¹¹
2476 1236 2801 1318 ‚semine‚

608 1371 641 1424 3
676 1354 754 1408 ut
790 1365 1064 1434 porrum
1109 1369 1125 1409 ε
1171 1341 1277 1417 vel
1320 1342 1550 1432 caule,
1592 1358 1917 1414 autumno
1952 1358 2105 1412 ante
2148 1338 2521 1412 brumam¹²
2528 1343 2665 1410 .Si
2706 1365 2803 1408 se·-

675 1447 894 1531 mine‚
929 1444 1311 1518 madidum:
1363 1463 1430 1518 et
1457 1451 1511 1519 si
1538 1450 1756 1520 desint
1780 1433 2091 1547 imbres¹³
2105 1501 2127 1536 ‚
2150 1446 2399 1518 satum¹
2406 1435 2801 1542 “spargitur-

676 1551 926 1624 Plantae
987 1553 1306 1624 cubitales
1363 1571 1673 1628 seruntur
1698 1542 1745 1581 ¹⁵
1798 1535 2033 1626 scrobe
2078 1553 2317 1650 pedali.
2382 1554 2644 1622 Seritur
2697 1575 2806 1646 per

675 1659 1105 1752 aequinoctia¹
1111 1645 1394 1730 ⁶tenero
1426 1662 1705 1734 frutice.
1737 1661 2080 1756 perficitur
2100 1660 2427 1730 triennio:
2456 1657 2806 1728 demetitur

673 1787 883 1833 verno
923 1767 1352 1859 aequinoctio,
1386 1793 1594 1862 quum
1632 1769 1869 1838 florere
1910 1768 2147 1838 desinit
2164 1766 2237 1854 ¹⁷,
2284 1765 2391 1834 vel
2434 1768 2667 1860 pueri,
2710 1762 2805 1832 vel

673 1893 840 1940 anus
883 1869 1199 1942 vilissima
1243 1899 1465 1968 opera.
1523 1877 1750 1945 Canus
1788 1874 2106 1969 adspectu
2161 1899 2176 1942 :
2234 1873 2703 2003 breviterque,
2759 1869 2805 1940 si

673 1976 821 2074 quis
878 1979 1247 2073 exprimere
1296 1979 1791 2050 similitudinem
1832 1980 2021 2066 velit,
2074 1975 2513 2074 angustioris¹
2520 1963 2807 2046 ''trifolii

675 2081 914 2152 frutex.
959 2087 1178 2155 Datur
1220 2088 1615 2158 animalibus
1650 2101 1805 2184 post
1839 2086 2115 2156 biduum
2160 2109 2480 2180 semper.
2528 2079 2806 2152 hieme¹⁹

757 2286 812 2339 7.
845 2269 998 2324 Omni
1028 2293 1132 2325 usu.
1162 2273 1286 2328 Sive
1315 2273 1527 2328 aridum
1544 2313 1560 2338 ,
1590 2274 1701 2328 sive
1788 2285 1872 2326 ter
1898 2271 2059 2326 vertit
2088 2289 2151 2324 ex
2180 2274 2401 2324 auct‘ore
2431 2287 2608 2341 graeco
2628 2307 2648 2332 ,
2678 2265 2807 2339 apud

673 2345 954 2404 decoctum
985 2354 1312 2424 prebeatur,
1337 2345 1702 2406 utilissimum.
1787 2369 1948 2424 quem
1994 2352 2255 2423 scriptum
2304 2350 2407 2402 fuit
2428 2389 2444 2412 ,
2490 2350 2558 2408 εἰς
2599 2346 2805 2419 cepae&

757 2429 813 2482 8.
855 2432 1024 2501 Quin,
1061 2445 1159 2488 etc.
1201 2434 1415 2487 Colum.
1459 2433 1564 2487 loc.
1610 2432 1701 2486 cit.
1790 2433 2113 2504 φυτιὺισοαι,
2148 2431 2207 2483 in
2237 2429 2429 2484 areolis
2456 2429 2593 2494 κείς
2634 2445 2807 2499 quem·

682 2531 706 2554 ι
729 2507 987 2564 Mulieres
1012 2511 1232 2583 quidem
1247 2545 1264 2574 ‚
1284 2513 1328 2566 si
1348 2513 1501 2566 lactis
1520 2513 1703 2584 inopia
1790 2510 2082 2565 admodum
2133 2523 2187 2564 et
2228 2509 2525 2564 Columella
2564 2505 2805 2560 reddidit.

674 2603 994 2657 premuntur
1012 2631 1027 2655 ,
1087 2593 1314 2662 cytisum
1371 2591 1583 2645 aridum
1646 2593 1704 2644 in

673 2683 812 2737 sque
839 2670 1094 2722 macerari
1123 2683 1360 2742 oportet,
1393 2685 1529 2724 etc.»
1560 2670 1704 2724 Vide

675 2757 732 2798 et
751 2746 918 2819 nipp.
937 2747 1008 2802 de
1029 2749 1209 2804 Morb.
1229 2750 1365 2803 Mul.
1384 2751 1480 2804 lib.
1493 2753 1551 2816 1,
1574 2762 1702 2804 text.

677 2823 782 2893 73,
807 2843 928 2898 pag.
965 2831 1092 2892 460.
1120 2831 1304 2883 Han.

761 2923 813 2973 9.
845 2907 982 2976 Apes
1015 2927 1214 2980 quoque.
1243 2909 1428 2981 Cytiso
1463 2927 1593 2981 apes
1626 2910 1702 2963 al·

675 2981 796 3049 lici,
823 2984 988 3057 idque
1013 3006 1128 3042 eam
1157 2991 1230 3042 ob
1249 3005 1456 3042 causam
1483 3003 1705 3060 propter

675 3063 900 3118 alvearia
926 3069 1028 3121 seri
1055 3068 1240 3122 scribit
1263 3068 1444 3123 Diosc.
1472 3070 1572 3123 lib.
1596 3071 1702 3136 lv,

676 3160 794 3215 csp.
823 3165 845 3196 1
863 3147 954 3200 13.
981 3147 1170 3202 nnn.

763 3241 845 3275 10.
899 3225 1088 3280 Seritur·
1129 3247 1236 3282 eum
1285 3229 1480 3283 hordeo.
1540 3229 1705 3282 Colu-

679 3303 854 3356 mella
903 3301 1000 3358 lib.
1051 3307 1160 3372 1x,
1209 3325 1327 3378 esp.
1368 3317 1439 3374 4,
1477 3309 1705 3362 sativum

679 3394 792 3446 est,
817 3396 870 3436 et
895 3405 1004 3439 suae
1031 3389 1249 3459 spontis.
1270 3389 1478 3442 Damio.
1487 3420 1567 3431 —
1584 3389 1706 3442 Cum

566 3509 572 3517 .
680 3461 874 3518 hordeo.
927 3465 1134 3521 Eodem
1203 3482 1481 3540 tenpore,
1545 3481 1708 3541 atque

677 3540 964 3601 hordeum.
991 3546 1174 3601 Hsnu.

685 3665 690 3670 .
767 3639 857 3676 11.
876 3625 990 3678 Aue
1003 3647 1150 3693 vere,
1171 3632 1360 3682 semine.
1383 3628 1584 3682 Contra
1605 3629 1711 3682 Co·

678 3699 812 3756 lum.
853 3704 958 3757 loc.
1001 3707 1093 3760 cit.
1137 3722 1392 3762 autumno
1416 3747 1432 3771 ,
1471 3709 1706 3762 semines

680 3779 878 3851 plantis
901 3801 1028 3837 vere
1053 3786 1158 3838 seri
1179 3789 1352 3859 jubet.
1376 3788 1560 3840 ΗΑιιι).

770 3877 862 3913 12.
899 3864 1001 3915 Vel
1021 3867 1159 3918 caule
1189 3880 1416 3920 autumno
1451 3879 1565 3919 ante
1598 3867 1709 3920 bru-

683 3957 827 3994 mam.
851 3941 955 3995 vel
981 3945 1143 3997 ramis
1157 3977 1176 4004 ‚
1198 3959 1459 4000 autumno
1482 3947 1710 4000 instante

684 4031 807 4073 aute
861 4025 1236 4094 septembrem.
1279 4027 1362 4080 Ex
1411 4027 1709 4081 Columella

683 4097 774 4153 hic
801 4100 1006 4156 Plinius
1031 4099 1116 4168 (ut
1139 4103 1386 4177 pomum)
1407 4107 1709 4178 intelligen-

1790 2593 1992 2646 Duae.

1881 2689 1903 2723 1
1916 2671 1971 2723 3.
1996 2667 2053 2722 Si
2070 2669 2229 2720 desine
2244 2667 2435 2722 imbres.
2452 2668 2595 2721 Tum
2616 2665 2785 2738 spargi
2796 2702 2810 2729 ‚

1790 2751 1895 2803 hoc
1918 2764 1997 2804 est
2012 2789 2028 2814 ,
2047 2749 2211 2818 rigari
2231 2745 2539 2819 quindecim
2558 2745 2809 2818 proximis

1790 2829 1980 2883 diebus
2011 2828 2309 2883 Columella
2334 2827 2598 2898 precipit.
2638 2825 2805 2880 Hsuu.

1877 2918 1968 2974 14.
2020 2907 2191 2961 Satm
2238 2910 2499 2977 spargitur.
2556 2907 2773 2976 Rigatur
2792 2943 2804 2964 ,

1792 2988 2097 3061 quindecim
2126 2987 2385 3059 proximis
2404 2985 2629 3050 diebus,
2656 2985 2807 3038 Colu-

1792 3069 1969 3122 mella.
1994 3069 2197 3122 Dum-c.

1880 3141 2807 3216 15.Semntm.Mss.neg.etc01h.

1787 3231 2111 3299 perferuntur.
2136 3227 2320 3278 ΗΑιιι).

1882 3313 1972 3361 16.
2028 3307 2217 3360 Ser-ieter
2243 3323 2335 3378 per·
2378 3307 2554 3378 oeqm'n.
2606 3303 2806 3357 Colum.

1792 3388 1899 3441 loc.
1924 3388 2017 3440 cit.
2040 3387 2224 3440 Hsnn.

1882 3485 1905 3521 1
1920 3485 1971 3538 7.
1960 3467 2328 3536 .Quumfl0rere
2348 3464 2543 3517 desinit.
2560 3463 2697 3516 Nam
2710 3471 2808 3514 tots

1793 3546 1971 3600 hieme
1999 3545 2175 3600 floret.
2199 3547 2433 3598 Dauo.

1886 3629 1979 3681 18.
2020 3627 2351 3696 Angmtion's.
2394 3621 2576 3688 Folia,
2615 3618 2805 3690 iuquit,

1796 3706 1985 3760 trifolii
2004 3705 2192 3760 similia
2212 3716 2367 3771 sunt,
2370 3701 2481 3756 ·sed
2502 3702 2727 3754 minora.
2748 3695 2807 3748 Η.

1884 3742 2595 3855 19-Hieme.Coluim.loeo
2620 3781 2805 3834 citato:

1804 3893 1829 3914 ι
1864 3863 2092 3919 Aridum
2136 3865 2179 3919 si
2216 3862 2371 3917 dabis
2387 3901 2404 3930 ,
2446 3861 2657 3932 parcius
2682 3873 2809 3930 prae·

1796 3947 1949 4010 beto,
1968 3946 2221 4017 quoniam
2240 3944 2379 3996 vires
2396 3944 2625 4013 majores
2646 3941 2807 3998 hahet,

1794 4026 2050 4097 priusque
2076 4041 2211 4096 aqua
2240 4035 2537 4088 macerato,
2560 4034 2615 4074 et
2646 4035 2807 4072 exem·

1795 4119 1950 4178 ptum
1974 4106 2141 4176 paleis
2164 4102 2499 4176 pes-misceto.
2520 4127 2547 4150 n
2578 4101 2756 4155 Hau.
