2984 5009
960 465 1280 534 LIBER
1328 467 1489 534 XV.

2149 465 2292 550 413

190 585 642 696 specularibus³
696 623 955 686 arcere,
996 597 1335 694 Aquilonis
1374 623 1640 694 quoque
1677 597 1906 668 afflatu
1946 623 2146 694 poma
2179 601 2292 669 de-

192 723 474 804 turpante
508 709 709 802 rugis.
742 704 983 800 Colligi
1005 705 1177 774 mala
1202 721 1355 801 post
1375 707 1842 800 aequinoctium
1879 690 2294 792 autumnale,

190 839 383 951 neque
428 828 583 883 ante
622 835 739 881 xv1
779 811 1048 898 lunam,
1090 837 1305 907 neque
1352 827 1508 882 ante
1548 814 1828 907 primam
1873 813 2127 882 horam.
2167 816 2295 884 Ca-

189 907 359 988 diva‘
404 921 731 1049 separari3
781 921 1191 1002 stramentis»,
1245 921 1524 1006 storeis,
1573 905 1902 1013 paleisve⁵
1933 919 2294 990 substerni.

191 1027 347 1094 Rara
381 1010 751 1121 componi⁶,
780 1039 859 1094 ut
892 1024 1129 1094 limites
1159 1028 1369 1120 pervii
1402 1027 1708 1120 spiritum
1759 1025 2078 1120 aequalem
2121 1030 2294 1097 acci·

190 1134 373 1226 piant.
412 1129 757 1202 Amerina⁷
798 1135 1083 1201 maxime
1114 1131 1389 1218 durare,
1434 1130 1764 1200 melimela
1797 1134 2085 1201 minime.

276 1229 513 1331 (xvn.)
549 1239 867 1308 Cotoneis
902 1239 971 1305 in
1006 1236 1355 1308 concluso¹
1400 1241 1878 1334 spiramentum
1915 1261 2114 1308 omne
2161 1239 2297 1309 adi·
2341 1267 2368 1300 π

190 1343 523 1428 mendum,
584 1358 705 1413 aut
760 1347 1027 1438 incoqui
1088 1343 1283 1413 melle
1342 1369 1457 1425 ea,
1525 1347 1914 1440 immergive
1963 1361 2294 1440 oportere.

190 1451 409 1521 Punica
438 1448 647 1545 aqua²
692 1451 943 1518 marina
990 1450 1289 1519 fervente
1322 1451 1618 1520 indurari
1655 1469 1670 1510 τ
1724 1476 1880 1520 mox
1909 1451 2130 1521 triduo
2167 1451 2303 1523 sole

190 1695 335 1750 Varro
352 1737 368 1761 ,
396 1715 559 1768 quem
576 1696 724 1767 nequi
745 1696 845 1748 hac
866 1707 1017 1768 parte
1034 1695 1184 1750 vide-

189 1787 259 1828 tur
307 1778 527 1830 Plinius.
583 1777 712 1847 Ejus
768 1777 927 1830 verba
982 1776 1081 1830 lib.
1132 1778 1195 1844 I,

73 1873 75 1894 ÷
184 1875 285 1928 cap.
310 1857 379 1926 59
406 1877 421 1908 :
454 1857 615 1909 -Haec
646 1855 826 1909 omnia
858 1857 915 1908 in
942 1856 1062 1909 loco
1090 1856 1187 1908 ari-

185 1933 243 1986 ‹lo
287 1949 336 1990 et
392 1934 589 2007 frigido
642 1935 977 2006 supraposita
1036 1935 1188 2006 palea

186 2015 357 2069 servari
416 2029 562 2070 reete
624 2027 849 2085 putant,
902 2027 999 2067 etc.
1030 2040 1052 2060 ι
1118 2015 1209 2066 Et·

189 2093 369 2149 Plinius
398 2096 497 2149 lib.
528 2095 723 2160 XVII,
748 2113 866 2165 cap.
901 2096 967 2147 3:
1005 2119 1029 2141 ι
1052 2093 1187 2160 Qui-

184 2171 287 2228 dam
312 2175 503 2229 caelum
543 2186 696 2227 terra
730 2192 921 2245 parere
958 2186 1187 2244 cogunt,

186 2267 235 2306 ut
256 2273 365 2326 qua
410 2258 469 2309 in
496 2253 648 2307 siccis
692 2266 971 2319 serantur,
1014 2255 1187 2306 orien-

186 2345 361 2406 tematq
368 2355 433 2388 ue
442 2333 882 2405 septemtrionem
893 2344 1143 2404 spectent.
1160 2358 1181 2380 ι

188 2412 243 2468 Et
272 2405 514 2485 praesenti
551 2414 864 2478 volumine,
908 2431 1023 2486 cap.
1068 2413 1180 2466 25.
1169 2435 1180 2444 ·

188 2495 358 2548 ⁸1nter
385 2494 561 2568 prima
592 2492 697 2547 hoc
723 2512 753 2545 e
779 2494 957 2564 pomis
994 2493 1187 2546 colono

185 2576 383 2642 gratiam
434 2591 668 2626 annuam
712 2573 906 2636 refert,
956 2585 1187 2644 septem·

188 2655 333 2706 u-ione
378 2652 694 2724 frigidisque
738 2642 1000 2723 gauden-
1051 2653 1187 2704 Pne-

184 2747 313 2786 uu.
319 2733 887 2804 --Septem1rionalibus.
894 2733 1053 2784 ναι-τ.
1078 2731 1115 2784 l.
1138 2752 1184 2785 c.

188 2811 333 2867 ⁸1deo
367 2812 721 2885 oporothecas
750 2811 843 2883 qui
886 2811 1090 2864 faciunt
1117 2809 1186 2864 ad

132 2881 141 2894 ¹
187 2892 509 2964 Aquilonem,
550 2905 607 2945 ut
635 2892 886 2946 fenestras
929 2892 1188 2957 habeant,

186 2985 321 3042 nque
354 2986 417 3026 ut
457 2989 575 3025 aere
613 2970 935 3042 per-flentur,
962 2983 1188 3036 eurant3

186 3067 337 3123 neque
392 3065 574 3105 tamen
622 3051 735 3103 sine
786 3051 1060 3111 forioulis‚
1117 3069 1188 3103 ne

184 3146 327 3200 quum
362 3133 647 3185 humorem
692 3130 1005 3194 amiserint,·
1026 3129 1190 3201 perti·

184 3213 285 3264 naci
308 3225 465 3265 vento
489 3213 626 3264 vieta
653 3210 803 3264 fiant.
826 3226 851 3252 υ
876 3210 1055 3263 Hui).

254 3290 303 3345 3.
354 3293 566 3345 Austros
616 3290 939 3360 specularibus
1006 3309 1185 3345 arcere.

187 3368 283 3422 Ceu
324 3371 564 3426 fenestris
611 3369 810 3422 vitreis.
878 3371 953 3422 De
1003 3387 1189 3442 specu·

184 3446 360 3504 laribus
390 3450 599 3504 dicetur
627 3450 724 3503 lib.
754 3447 1025 3516 XXXVI,
1067 3469 1185 3522 cap.

189 3529 268 3590 45.
290 3530 468 3584 Ηιιιι).

256 3617 301 3674 4.
325 3611 525 3664 cadiva.
549 3610 684 3676 Quae
714 3625 811 3680 per
831 3627 885 3662 se
911 3608 1183 3674 cecidere,

186 3705 279 3740 non
306 3709 455 3743 manu
494 3689 777 3760 decerpta,
834 3701 928 3742 aut
968 3689 1183 3743 decussa

1277 1719 1301 1744 ι
1324 1697 1606 1760 Ramenta,
1646 1697 1830 1750 scobes
1851 1737 1867 1762 ,
1895 1698 2140 1770 paleasve
2175 1701 2304 1755 enb-

1272 1777 1450 1829 sterni.
1471 1802 1493 1822 ι
1527 1775 1736 1828 Plinius
1783 1779 1957 1847 capite
2002 1794 2300 1850 sequente:

1281 1881 1304 1904 ι
1327 1857 1462 1909 Sunt
1490 1856 1586 1926 qui
1625 1856 1828 1910 malunt
1859 1876 1986 1910 uvas
2025 1857 2081 1911 in
2111 1863 2302 1924 scobe,

1272 1935 1591 1988 ramentisve
1652 1935 1838 1988 abietis
1859 1977 1875 1998 ,
1928 1938 2144 2008 populi,
2200 1941 2304 1993 fra-

1276 2015 1387 2067 xini
1462 2031 1692 2068 servare.
1729 2040 1751 2060 ι
1814 2015 2114 2071 Columella
2163 2020 2306 2073 libro

1274 2092 1628 2158 duodecimo,
1666 2112 1781 2164 cap.
1830 2096 1900 2159 45
1945 2113 1958 2148 ε
1993 2099 2216 2170 «Atque
2245 2117 2308 2152 ea

1275 2174 1388 2245 ipsa
1414 2172 1660 2224 nonnulli
1672 2174 1745 2226 sic
1766 2173 1824 2225 in
1851 2175 1964 2227 aliis
1985 2178 2272 2247 generibus
2288 2217 2305 2244 ,

1277 2265 1335 2306 ut
1366 2270 1527 2322 supra
1563 2254 1678 2322 jam
1721 2251 1954 2307 diximus
2005 2259 2303 2326 populnea.

1274 2330 1491 2405 quidam
1521 2329 1679 2384 etiam
1703 2333 1926 2404 abiegna
1951 2339 2108 2388 scobe
2135 2337 2302 2391 inter·

1275 2414 1477 2484 posita,
1513 2411 1650 2463 mala
1689 2413 2016 2468 custodiunt.
2043 2442 2065 2462 ι
2103 2417 2263 2470 Pur-r.

1358 2495 1414 2546 6.
1458 2490 1595 2541 Rara
1628 2495 1860 2563 componi.
1887 2494 2028 2548 Laxe
2058 2493 2304 2568 disponi,

1274 2572 1462 2626 relicto
1490 2570 1630 2623 inter
1664 2573 1870 2643 singula
1915 2575 2222 2642 intervallo,
2247 2590 2308 2630 ut

1272 2671 1395 2772 :ji-iere
1416 2650 1752 2722 aequabiliter
1781 2667 1968 2706 cuncta
1993 2655 2304 2724 perflentur.

1328 2741 1456 2778 Αιιο.

1358 2825 1414 2876 7.
1437 2809 1689 2864 Amerina.
1731 2812 1811 2865 De
1841 2811 1951 2879 his,
1981 2827 2034 2868 et
2057 2813 2128 2868 de
2152 2816 2306 2870 meli-

1275 2887 1449 2944 melis.
1474 2907 1592 2960 cap.
1625 2890 1715 2944 15.
1743 2892 1924 2946 Hum.

1363 2984 1412 3018 1.
1433 2967 1493 3019 In
1529 2972 1766 3025 concluso.
1820 2971 1966 3027 Loco
2017 2976 2268 3029 concluso
2289 3016 2306 3038 ‚

1276 3059 1385 3116 quo
1422 3049 1603 3116 nullus
1641 3065 1798 3103 vento
1826 3053 1892 3105 sit
1939 3052 2124 3108 aditus.
2155 3056 2304 3109 Libri

1276 3124 1528 3180 hactenus
1554 3127 1723 3198 editi,
1753 3131 1978 3185 Cotoneis
2019 3136 2304 3188 interclusis.
2338 3179 2342 3182 .

1276 3203 1413 3257 MSS
1443 3209 1508 3260 R.
1550 3208 1707 3263 colb.
1736 3211 1840 3264 Th.
1868 3213 2048 3267 Chiffl.
2077 3215 2196 3268 Par.
2230 3219 2306 3268 ἰη-

1274 3287 1519 3339 conclusos
1542 3291 1911 3358 spiramentum,
1937 3305 2039 3347 etc.
2067 3295 2300 3364 Scripsi,

1277 3367 1721 3430 incoactus0‚1000
1745 3370 2032 3424 nimirum:
2056 3373 2136 3426 uti
2158 3374 2303 3444 prius

1274 3442 1433 3515 poma
1459 3446 1696 3518 vulgaria
1745 3449 1798 3501 in
1833 3449 1952 3502 loco
1981 3450 2176 3522 frigido
2199 3454 2304 3506 eic-

1272 3542 1448 3596 coque
1481 3526 1815 3581 contabulari
1859 3527 1996 3582 dixit
2020 3545 2300 3602 oportere,

1272 3615 1327 3658 et
1383 3607 1756 3676 septemtrioni
1814 3627 2001 3666 sereno
2076 3624 2297 3682 patere·
2283 3651 2300 3668 .

1272 3701 1419 3739 nunc
1447 3699 1633 3739 contra
1673 3686 1926 3740 concludi
1961 3707 2182 3745 cotonea
2217 3696 2303 3763 ju-

186 3769 377 3834 pertica.
394 3770 463 3822 Et
484 3770 601 3822 haec
626 3787 725 3822 vox
742 3767 960 3822 ‘Gadium
988 3769 1043 3822 in
1066 3769 1180 3842 No·
1268 3767 1379 3818 bet.
1424 3766 1629 3818 Locum
1671 3768 1986 3820 conclusum
2021 3767 2156 3825 dixit
2195 3773 2304 3826 Lu·

186 3846 245 3897 tis
258 3867 365 3918 qun
390 3851 549 3921 vulgo
576 3847 952 3904 adscribuntur
971 3849 1180 3914 Tironi,

73 3931 75 3990 ζ
186 3929 424 3996 reperitur
440 3969 457 3994 ‚
478 3949 532 4001 p.
569 3932 657 3984 18.
680 3929 860 3982 Han.

256 4013 301 4058 5.
356 4009 634 4062 Str-amentis
658 4049 673 4076 ,
724 4011 893 4060 storeis
912 4048 929 4073 ,
972 4009 1184 4078 paleisve

184 4085 409 4142 substerni.
504 4085 858 4144 scribendum
941 4101 1188 4152 autumo,

1270 3845 1466 3899 cretius
1497 3846 1592 3898 lib.
1618 3847 1733 3910 IV,
1766 3866 1814 3899 v.
1861 3850 1987 3911 460.
2013 3851 2193 3905 Ηιιιι).

1356 3945 1408 3978 2.
1434 3925 1623 3980 Punica
1649 3946 1801 3998 aqua.
1841 3927 1926 3980 Sic
1962 3928 2133 4004 Geop.
2163 3947 2300 3986 auct.

1276 4007 1373 4059 lib.
1420 4005 1505 4071 X,
1541 4025 1662 4078 cap.
1702 4007 1811 4075 38,
1854 4025 1909 4078 p.
1961 4028 2090 4080 ²7²·
2141 4010 2302 4063 Colu-

1280 4086 1435 4140 mella
1455 4125 1470 4151 ,
1506 4087 1598 4140 lib.
1623 4087 1758 4151 XII,
1783 4106 1898 4160 cap.
1930 4094 1999 4152 44
2023 4129 2038 4155 ,
2067 4109 2120 4160 p.
2156 4095 2298 4156 448:
