<?xml version="1.0" encoding="UTF-8"?>
<!DOCTYPE html PUBLIC "-//W3C//DTD XHTML 1.0 Transitional//EN"
    "http://www.w3.org/TR/xhtml1/DTD/xhtml1-transitional.dtd">
<html xmlns="http://www.w3.org/1999/xhtml" xml:lang="en" lang="en">
 <head>
  <title>
</title>
<meta http-equiv="Content-Type" content="text/html;charset=utf-8" />
  <meta name='ocr-system' content='tesseract 3.04.00' />
  <meta name='ocr-capabilities' content='ocr_page ocr_carea ocr_par ocr_line ocrx_word'/>
</head>
<body>
  <div class='ocr_page' id='page_1' title='image "./caiipliniisecun07plingoog_0649.png"; bbox 0 0 2984 5009; ppageno 0'>
   <div class='ocr_carea' id='block_1_1' title="bbox 590 393 739 464">
    <p class='ocr_par' dir='ltr' id='par_1_1' title="bbox 590 393 739 464">
     <span class='ocr_line' id='line_1_1' title="bbox 590 393 739 464; baseline 0.02 -3"><span class='ocrx_word' id='word_1_1' title='bbox 590 393 739 464; x_wconf 75' lang='lat'>(532</span> 
     </span>
    </p>
   </div>
   <div class='ocr_carea' id='block_1_2' title="bbox 1132 399 2201 467">
    <p class='ocr_par' dir='ltr' id='par_1_2' title="bbox 1132 399 2201 467">
     <span class='ocr_line' id='line_1_2' title="bbox 1132 399 2201 467; baseline 0.002 -4"><span class='ocrx_word' id='word_1_2' title='bbox 1132 399 1208 464; x_wconf 90' lang='lat' dir='ltr'>C.</span> <span class='ocrx_word' id='word_1_3' title='bbox 1266 399 1610 467; x_wconf 87' lang='lat' dir='ltr'>PLINII</span> <span class='ocrx_word' id='word_1_4' title='bbox 1663 401 1882 466; x_wconf 90' lang='lat' dir='ltr'><strong>NAT.</strong></span> <span class='ocrx_word' id='word_1_5' title='bbox 1941 400 2201 467; x_wconf 88' lang='lat' dir='ltr'><strong>HIST.</strong></span> 
     </span>
    </p>
   </div>
   <div class='ocr_carea' id='block_1_3' title="bbox 588 525 2745 838">
    <p class='ocr_par' dir='ltr' id='par_1_3' title="bbox 588 525 2745 838">
     <span class='ocr_line' id='line_1_3' title="bbox 588 525 2742 625; baseline 0.003 -30"><span class='ocrx_word' id='word_1_6' title='bbox 588 525 763 595; x_wconf 86' lang='lat' dir='ltr'>lotos</span> <span class='ocrx_word' id='word_1_7' title='bbox 796 526 869 593; x_wconf 85' lang='lat' dir='ltr'>&#39;in</span> <span class='ocrx_word' id='word_1_8' title='bbox 936 528 1205 595; x_wconf 67' lang='lat' dir='ltr'>Lucinae</span> <span class='ocrx_word' id='word_1_9' title='bbox 1244 552 1434 616; x_wconf 82' lang='lat' dir='ltr'>area,</span> <span class='ocrx_word' id='word_1_10' title='bbox 1480 527 1700 598; x_wconf 84' lang='lat' dir='ltr'>anno²</span> <span class='ocrx_word' id='word_1_11' title='bbox 1738 532 1852 625; x_wconf 92' lang='lat' dir='ltr'>qui</span> <span class='ocrx_word' id='word_1_12' title='bbox 1901 530 2026 599; x_wconf 89' lang='lat' dir='ltr'>fuit</span> <span class='ocrx_word' id='word_1_13' title='bbox 2061 532 2199 599; x_wconf 85' lang='lat' dir='ltr'>sine</span> <span class='ocrx_word' id='word_1_14' title='bbox 2239 530 2742 625; x_wconf 81' lang='lat' dir='ltr'>magistratibus</span> 
     </span>
     <span class='ocr_line' id='line_1_4' title="bbox 591 632 2745 731; baseline 0.002 -28"><span class='ocrx_word' id='word_1_15' title='bbox 591 655 946 703; x_wconf 69' lang='lat' dir='ltr'>ccctxxix</span> <span class='ocrx_word' id='word_1_16' title='bbox 994 632 1232 720; x_wconf 85' lang='lat' dir='ltr'>Urbis,</span> <span class='ocrx_word' id='word_1_17' title='bbox 1292 634 1430 704; x_wconf 85' lang='lat' dir='ltr'>aede</span> <span class='ocrx_word' id='word_1_18' title='bbox 1467 635 1778 723; x_wconf 86' lang='lat' dir='ltr'>condita,</span> <span class='ocrx_word' id='word_1_19' title='bbox 1813 638 2141 706; x_wconf 83' lang='lat' dir='ltr'>incertum</span> <span class='ocrx_word' id='word_1_20' title='bbox 2167 638 2312 730; x_wconf 87' lang='lat' dir='ltr'>ipsa</span> <span class='ocrx_word' id='word_1_21' title='bbox 2345 651 2604 731; x_wconf 86' lang='lat' dir='ltr'>quanto</span> <span class='ocrx_word' id='word_1_22' title='bbox 2637 663 2745 707; x_wconf 80' lang='lat' dir='ltr'>ve-</span> 
     </span>
     <span class='ocr_line' id='line_1_5' title="bbox 592 689 2740 838; baseline 0.002 -31"><span class='ocrx_word' id='word_1_23' title='bbox 592 740 849 807; x_wconf 83' lang='lat' dir='ltr'>tustior.</span> <span class='ocrx_word' id='word_1_24' title='bbox 882 742 1045 808; x_wconf 90' lang='lat' dir='ltr'>Esse</span> <span class='ocrx_word' id='word_1_25' title='bbox 1080 689 1347 833; x_wconf 82' lang='lat' dir='ltr'>quidem</span> <span class='ocrx_word' id='word_1_26' title='bbox 1384 744 1813 811; x_wconf 86' lang='lat' dir='ltr'>vetustiorem</span> <span class='ocrx_word' id='word_1_27' title='bbox 1859 768 1997 812; x_wconf 90' lang='lat' dir='ltr'>non</span> <span class='ocrx_word' id='word_1_28' title='bbox 2035 759 2135 812; x_wconf 85' lang='lat' dir='ltr'>est</span> <span class='ocrx_word' id='word_1_29' title='bbox 2167 743 2491 829; x_wconf 87' lang='lat' dir='ltr'>dubium,</span> <span class='ocrx_word' id='word_1_30' title='bbox 2535 769 2740 838; x_wconf 90' lang='lat' dir='ltr'>quum</span> 
     </span>
    </p>
   </div>
   <div class='ocr_carea' id='block_1_4' title="bbox 593 834 2134 919">
    <p class='ocr_par' dir='ltr' id='par_1_4' title="bbox 593 834 2134 919">
     <span class='ocr_line' id='line_1_6' title="bbox 593 834 2134 919; baseline 0.005 -7"><span class='ocrx_word' id='word_1_31' title='bbox 593 845 679 912; x_wconf 86' lang='lat' dir='ltr'>ab</span> <span class='ocrx_word' id='word_1_32' title='bbox 704 869 783 913; x_wconf 86' lang='lat' dir='ltr'>eo</span> <span class='ocrx_word' id='word_1_33' title='bbox 808 844 959 913; x_wconf 90' lang='lat' dir='ltr'>luco</span> <span class='ocrx_word' id='word_1_34' title='bbox 995 848 1250 914; x_wconf 91' lang='lat' dir='ltr'>Lucina</span> <span class='ocrx_word' id='word_1_35' title='bbox 1286 834 1708 918; x_wconf 83' lang='lat' dir='ltr'>nominetur³</span> <span class='ocrx_word' id='word_1_36' title='bbox 1733 850 1927 919; x_wconf 88' lang='lat' dir='ltr'>:haec</span> <span class='ocrx_word' id='word_1_37' title='bbox 1955 874 2134 919; x_wconf 88' lang='lat' dir='ltr'>nunc</span> 
     </span>
    </p>
   </div>
   <div class='ocr_carea' id='block_1_5' title="bbox 594 941 1668 1049">
    <p class='ocr_par' dir='ltr' id='par_1_5' title="bbox 594 941 1668 1049">
     <span class='ocr_line' id='line_1_7' title="bbox 594 941 1668 1049; baseline 0.002 -28"><span class='ocrx_word' id='word_1_38' title='bbox 594 974 813 1021; x_wconf 80' lang='lat' dir='ltr'>ccch</span> <span class='ocrx_word' id='word_1_39' title='bbox 851 950 1075 1020; x_wconf 85' lang='lat' dir='ltr'>habet.</span> <span class='ocrx_word' id='word_1_40' title='bbox 1116 956 1470 1049; x_wconf 83' lang='lat' dir='ltr'>Antiquior</span> <span class='ocrx_word' id='word_1_41' title='bbox 1519 941 1668 1023; x_wconf 79' lang='lat' dir='ltr'>illa⁵</span> 
     </span>
    </p>
   </div>
   <div class='ocr_carea' id='block_1_6' title="bbox 557 1149 1640 2815">
    <p class='ocr_par' dir='ltr' id='par_1_6' title="bbox 596 1149 1624 1205">
     <span class='ocr_line' id='line_1_8' title="bbox 596 1149 1624 1205; baseline 0.002 -2"><span class='ocrx_word' id='word_1_42' title='bbox 596 1151 829 1204; x_wconf 86' lang='lat' dir='ltr'>Plinium</span> <span class='ocrx_word' id='word_1_43' title='bbox 854 1151 1011 1205; x_wconf 79' lang='lat' dir='ltr'>etiam</span> <span class='ocrx_word' id='word_1_44' title='bbox 1041 1164 1224 1205; x_wconf 83' lang='lat' dir='ltr'>testem</span> <span class='ocrx_word' id='word_1_45' title='bbox 1251 1149 1485 1205; x_wconf 77' lang='lat' dir='ltr'>adducit.</span> <span class='ocrx_word' id='word_1_46' title='bbox 1517 1154 1624 1205; x_wconf 82' lang='lat' dir='ltr'>En.</span> 
     </span>
    </p>

    <p class='ocr_par' dir='ltr' id='par_1_7' title="bbox 557 1231 1640 2815">
     <span class='ocr_line' id='line_1_9' title="bbox 684 1231 1627 1297; baseline 0.001 -14"><span class='ocrx_word' id='word_1_47' title='bbox 684 1250 736 1283; x_wconf 75' lang='lat'>2.</span> <span class='ocrx_word' id='word_1_48' title='bbox 767 1232 982 1284; x_wconf 81' lang='lat' dir='ltr'>Anno..</span> <span class='ocrx_word' id='word_1_49' title='bbox 1009 1231 1470 1285; x_wconf 85' lang='lat' dir='ltr'><em>..CCCLXXIX</em></span> <span class='ocrx_word' id='word_1_50' title='bbox 1499 1233 1627 1297; x_wconf 90' lang='lat' dir='ltr'>Quo</span> 
     </span>
     <span class='ocr_line' id='line_1_10' title="bbox 598 1270 1629 1381; baseline 0.003 -19"><span class='ocrx_word' id='word_1_51' title='bbox 598 1328 792 1381; x_wconf 84' lang='lat' dir='ltr'><strong>nempe</strong></span> <span class='ocrx_word' id='word_1_52' title='bbox 834 1330 975 1364; x_wconf 76' lang='lat' dir='ltr'>anno</span> <span class='ocrx_word' id='word_1_53' title='bbox 990 1270 1134 1363; x_wconf 49' lang='lat' dir='ltr'>”haec</span> <span class='ocrx_word' id='word_1_54' title='bbox 1185 1311 1389 1365; x_wconf 73' lang='lat' dir='ltr'>Plinius</span> <span class='ocrx_word' id='word_1_55' title='bbox 1438 1312 1629 1365; x_wconf 73' lang='lat' dir='ltr'>litteris</span> 
     </span>
     <span class='ocr_line' id='line_1_11' title="bbox 600 1376 1631 1463; baseline 0.001 -21"><span class='ocrx_word' id='word_1_56' title='bbox 600 1391 972 1461; x_wconf 79' lang='lat' dir='ltr'>consignabat,</span> <span class='ocrx_word' id='word_1_57' title='bbox 1013 1391 1105 1463; x_wconf 84' lang='lat' dir='ltr'>qui</span> <span class='ocrx_word' id='word_1_58' title='bbox 1148 1376 1252 1443; x_wconf 81' lang='lat' dir='ltr'>suit</span> <span class='ocrx_word' id='word_1_59' title='bbox 1305 1392 1501 1454; x_wconf 78' lang='lat' dir='ltr'>Urbis,</span> <span class='ocrx_word' id='word_1_60' title='bbox 1565 1405 1631 1444; x_wconf 85' lang='lat' dir='ltr'>nt</span> 
     </span>
     <span class='ocr_line' id='line_1_12' title="bbox 600 1469 1628 1560; baseline 0.002 -39"><span class='ocrx_word' id='word_1_61' title='bbox 600 1469 1204 1560; x_wconf 71' lang='lat' dir='ltr'>saepiusadnotavimus‚</span> <span class='ocrx_word' id='word_1_62' title='bbox 1222 1470 1628 1537; x_wconf 87' lang='lat' dir='ltr'><em>DCCCXXX,</em></span> 
     </span>
     <span class='ocr_line' id='line_1_13' title="bbox 557 1549 1628 1623; baseline 0.002 -23"><span class='ocrx_word' id='word_1_63' title='bbox 557 1570 581 1583; x_wconf 67' lang='lat'><strong>⁴</strong></span> <span class='ocrx_word' id='word_1_64' title='bbox 602 1549 693 1617; x_wconf 86' lang='lat' dir='ltr'>qui</span> <span class='ocrx_word' id='word_1_65' title='bbox 724 1568 979 1602; x_wconf 87' lang='lat' dir='ltr'>numerus</span> <span class='ocrx_word' id='word_1_66' title='bbox 1010 1569 1270 1603; x_wconf 80' lang='lat' dir='ltr'>annorum</span> <span class='ocrx_word' id='word_1_67' title='bbox 1306 1569 1369 1604; x_wconf 84' lang='lat' dir='ltr'>ex</span> <span class='ocrx_word' id='word_1_68' title='bbox 1402 1564 1628 1623; x_wconf 80' lang='lat' dir='ltr'>utraque</span> 
     </span>
     <span class='ocr_line' id='line_1_14' title="bbox 603 1629 1628 1693; baseline 0.003 -14"><span class='ocrx_word' id='word_1_69' title='bbox 603 1629 691 1680; x_wconf 82' lang='lat' dir='ltr'>illa</span> <span class='ocrx_word' id='word_1_70' title='bbox 720 1647 927 1682; x_wconf 77' lang='lat' dir='ltr'>summa</span> <span class='ocrx_word' id='word_1_71' title='bbox 942 1630 1171 1693; x_wconf 82' lang='lat' dir='ltr'>exsistit,</span> <span class='ocrx_word' id='word_1_72' title='bbox 1202 1629 1245 1682; x_wconf 76' lang='lat' dir='ltr'>si</span> <span class='ocrx_word' id='word_1_73' title='bbox 1278 1648 1477 1683; x_wconf 76' lang='lat' dir='ltr'>annum</span> <span class='ocrx_word' id='word_1_74' title='bbox 1508 1630 1628 1683; x_wconf 89' lang='lat' dir='ltr'>uni-</span> 
     </span>
     <span class='ocr_line' id='line_1_15' title="bbox 603 1710 1630 1781; baseline 0.001 -22"><span class='ocrx_word' id='word_1_75' title='bbox 603 1726 725 1760; x_wconf 88' lang='lat' dir='ltr'>cum</span> <span class='ocrx_word' id='word_1_76' title='bbox 756 1710 1024 1780; x_wconf 77' lang='lat' dir='ltr'>exceperis</span> <span class='ocrx_word' id='word_1_77' title='bbox 1050 1727 1064 1761; x_wconf 76' lang='grc' dir='ltr'><strong><em>ε</em></strong></span> <span class='ocrx_word' id='word_1_78' title='bbox 1096 1710 1443 1781; x_wconf 81' lang='lat' dir='ltr'>quamobrem</span> <span class='ocrx_word' id='word_1_79' title='bbox 1473 1711 1518 1762; x_wconf 85' lang='lat' dir='ltr'>is</span> <span class='ocrx_word' id='word_1_80' title='bbox 1539 1714 1630 1761; x_wconf 81' lang='lat' dir='ltr'>cir·</span> 
     </span>
     <span class='ocr_line' id='line_1_16' title="bbox 604 1788 1629 1860; baseline 0.003 -20"><span class='ocrx_word' id='word_1_81' title='bbox 604 1790 725 1840; x_wconf 77' lang='lat' dir='ltr'>citer</span> <span class='ocrx_word' id='word_1_82' title='bbox 743 1800 899 1840; x_wconf 76' lang='lat' dir='ltr'>caute</span> <span class='ocrx_word' id='word_1_83' title='bbox 928 1789 1135 1859; x_wconf 79' lang='lat' dir='ltr'>adjecit.</span> <span class='ocrx_word' id='word_1_84' title='bbox 1172 1790 1235 1841; x_wconf 87' lang='lat' dir='ltr'>In</span> <span class='ocrx_word' id='word_1_85' title='bbox 1274 1788 1425 1842; x_wconf 83' lang='lat' dir='ltr'>libris</span> <span class='ocrx_word' id='word_1_86' title='bbox 1466 1809 1629 1860; x_wconf 87' lang='lat' dir='ltr'>porro</span> 
     </span>
     <span class='ocr_line' id='line_1_17' title="bbox 602 1865 1631 1923; baseline 0.002 -4"><span class='ocrx_word' id='word_1_87' title='bbox 602 1882 730 1921; x_wconf 76' lang='lat' dir='ltr'>ante</span> <span class='ocrx_word' id='word_1_88' title='bbox 782 1886 881 1920; x_wconf 79' lang='lat' dir='ltr'>nos</span> <span class='ocrx_word' id='word_1_89' title='bbox 932 1868 1087 1923; x_wconf 85' lang='lat' dir='ltr'>editis</span> <span class='ocrx_word' id='word_1_90' title='bbox 1141 1865 1375 1922; x_wconf 80' lang='lat' dir='ltr'>detracta</span> <span class='ocrx_word' id='word_1_91' title='bbox 1425 1868 1631 1923; x_wconf 80' lang='lat' dir='ltr'>denarii</span> 
     </span>
     <span class='ocr_line' id='line_1_18' title="bbox 603 1946 1629 2018; baseline 0.004 -19"><span class='ocrx_word' id='word_1_92' title='bbox 603 1960 737 2000; x_wconf 77' lang='lat' dir='ltr'>nota</span> <span class='ocrx_word' id='word_1_93' title='bbox 767 1946 1041 2018; x_wconf 77' lang='lat' dir='ltr'>legebatur</span> <span class='ocrx_word' id='word_1_94' title='bbox 1074 1947 1237 2000; x_wconf 90' lang='lat' dir='ltr'>modo</span> <span class='ocrx_word' id='word_1_95' title='bbox 1278 1947 1629 2003; x_wconf 86' lang='lat' dir='ltr'><em>CCCLXIX.</em></span> 
     </span>
     <span class='ocr_line' id='line_1_19' title="bbox 605 2027 1633 2098; baseline 0.002 -20"><span class='ocrx_word' id='word_1_96' title='bbox 605 2027 701 2079; x_wconf 67' lang='lat' dir='ltr'>Ut‘</span> <span class='ocrx_word' id='word_1_97' title='bbox 732 2040 787 2081; x_wconf 89' lang='lat' dir='ltr'>et</span> <span class='ocrx_word' id='word_1_98' title='bbox 856 2027 913 2079; x_wconf 86' lang='lat' dir='ltr'>in</span> <span class='ocrx_word' id='word_1_99' title='bbox 969 2028 1123 2081; x_wconf 82' lang='lat' dir='ltr'><strong>MSS.</strong></span> <span class='ocrx_word' id='word_1_100' title='bbox 1182 2027 1311 2098; x_wconf 86' lang='lat' dir='ltr'>Reg.</span> <span class='ocrx_word' id='word_1_101' title='bbox 1376 2028 1527 2097; x_wconf 78' lang='grc'><strong>4763</strong></span> <span class='ocrx_word' id='word_1_102' title='bbox 1580 2042 1633 2081; x_wconf 88' lang='lat' dir='ltr'>et</span> 
     </span>
     <span class='ocr_line' id='line_1_20' title="bbox 609 2108 1632 2179; baseline 0.002 -20"><span class='ocrx_word' id='word_1_103' title='bbox 609 2112 793 2175; x_wconf 68' lang='lat'>49723</span> <span class='ocrx_word' id='word_1_104' title='bbox 822 2108 880 2159; x_wconf 87' lang='lat' dir='ltr'>in</span> <span class='ocrx_word' id='word_1_105' title='bbox 899 2108 1161 2161; x_wconf 77' lang='lat' dir='ltr'>Vaticano</span> <span class='ocrx_word' id='word_1_106' title='bbox 1182 2117 1361 2160; x_wconf 76' lang='lat' dir='ltr'>autem</span> <span class='ocrx_word' id='word_1_107' title='bbox 1376 2148 1390 2173; x_wconf 88' lang='lat'>‚</span> <span class='ocrx_word' id='word_1_108' title='bbox 1412 2108 1632 2179; x_wconf 77' lang='lat' dir='ltr'>aliisque</span> 
     </span>
     <span class='ocr_line' id='line_1_21' title="bbox 610 2186 1632 2252; baseline 0 -13"><span class='ocrx_word' id='word_1_109' title='bbox 610 2186 1023 2252; x_wconf 62' lang='lat' dir='ltr'><em>CCCCLAYX,</em></span> <span class='ocrx_word' id='word_1_110' title='bbox 1060 2205 1243 2240; x_wconf 84' lang='lat' dir='ltr'>errore</span> <span class='ocrx_word' id='word_1_111' title='bbox 1263 2188 1483 2240; x_wconf 87' lang='lat' dir='ltr'>minime</span> <span class='ocrx_word' id='word_1_112' title='bbox 1515 2190 1632 2239; x_wconf 83' lang='lat' dir='ltr'>obs·</span> 
     </span>
     <span class='ocr_line' id='line_1_22' title="bbox 608 2266 1631 2338; baseline 0.001 -20"><span class='ocrx_word' id='word_1_113' title='bbox 608 2279 777 2327; x_wconf 76' lang='lat' dir='ltr'>curo‘,</span> <span class='ocrx_word' id='word_1_114' title='bbox 815 2267 898 2320; x_wconf 82' lang='lat' dir='ltr'>vel</span> <span class='ocrx_word' id='word_1_115' title='bbox 928 2266 1135 2338; x_wconf 77' lang='lat' dir='ltr'>dupiici</span> <span class='ocrx_word' id='word_1_116' title='bbox 1173 2286 1235 2320; x_wconf 88' lang='lat' dir='ltr'>ex</span> <span class='ocrx_word' id='word_1_117' title='bbox 1273 2268 1460 2338; x_wconf 75' lang='lat' dir='ltr'>capite.</span> <span class='ocrx_word' id='word_1_118' title='bbox 1493 2268 1631 2319; x_wconf 78' lang='lat' dir='ltr'>Nam</span> 
     </span>
     <span class='ocr_line' id='line_1_23' title="bbox 610 2346 1632 2417; baseline 0.002 -19"><span class='ocrx_word' id='word_1_119' title='bbox 610 2358 664 2398; x_wconf 88' lang='lat' dir='ltr'>et</span> <span class='ocrx_word' id='word_1_120' title='bbox 708 2359 937 2417; x_wconf 86' lang='lat' dir='ltr'>utraque</span> <span class='ocrx_word' id='word_1_121' title='bbox 992 2364 1199 2399; x_wconf 79' lang='lat' dir='ltr'>summa</span> <span class='ocrx_word' id='word_1_122' title='bbox 1249 2346 1447 2399; x_wconf 79' lang='lat' dir='ltr'>indicat</span> <span class='ocrx_word' id='word_1_123' title='bbox 1489 2346 1632 2400; x_wconf 73' lang='lat' dir='ltr'>haud</span> 
     </span>
     <span class='ocr_line' id='line_1_24' title="bbox 608 2424 1634 2492; baseline 0.002 -15"><span class='ocrx_word' id='word_1_124' title='bbox 608 2424 772 2478; x_wconf 86' lang='lat' dir='ltr'>dubie</span> <span class='ocrx_word' id='word_1_125' title='bbox 793 2426 996 2478; x_wconf 78' lang='lat' dir='ltr'>Plinius</span> <span class='ocrx_word' id='word_1_126' title='bbox 1012 2444 1180 2478; x_wconf 77' lang='lat' dir='ltr'>annos</span> <span class='ocrx_word' id='word_1_127' title='bbox 1198 2427 1361 2479; x_wconf 84' lang='lat' dir='ltr'>Urbis</span> <span class='ocrx_word' id='word_1_128' title='bbox 1378 2425 1605 2479; x_wconf 75' lang='lat' dir='ltr'>conditae</span> <span class='ocrx_word' id='word_1_129' title='bbox 1617 2465 1634 2492; x_wconf 89' lang='lat'>,</span> 
     </span>
     <span class='ocr_line' id='line_1_25' title="bbox 606 2502 1635 2578; baseline 0 -21"><span class='ocrx_word' id='word_1_130' title='bbox 606 2502 677 2557; x_wconf 77' lang='lat' dir='ltr'>ad</span> <span class='ocrx_word' id='word_1_131' title='bbox 691 2505 825 2559; x_wconf 84' lang='lat' dir='ltr'>illud</span> <span class='ocrx_word' id='word_1_132' title='bbox 840 2524 1005 2577; x_wconf 85' lang='lat' dir='ltr'>usque</span> <span class='ocrx_word' id='word_1_133' title='bbox 1016 2517 1229 2577; x_wconf 79' lang='lat' dir='ltr'>tempus</span> <span class='ocrx_word' id='word_1_134' title='bbox 1242 2525 1349 2578; x_wconf 86' lang='lat' dir='ltr'>quo</span> <span class='ocrx_word' id='word_1_135' title='bbox 1364 2506 1477 2559; x_wconf 76' lang='lat' dir='ltr'>haec</span> <span class='ocrx_word' id='word_1_136' title='bbox 1487 2526 1635 2559; x_wconf 91' lang='lat' dir='ltr'>com·</span> 
     </span>
     <span class='ocr_line' id='line_1_26' title="bbox 609 2585 1640 2641; baseline 0.001 -4"><span class='ocrx_word' id='word_1_137' title='bbox 609 2586 981 2639; x_wconf 75' lang='lat' dir='ltr'>mentnbatur:</span> <span class='ocrx_word' id='word_1_138' title='bbox 1005 2598 1057 2638; x_wconf 89' lang='lat' dir='ltr'>et</span> <span class='ocrx_word' id='word_1_139' title='bbox 1079 2603 1276 2637; x_wconf 77' lang='lat' dir='ltr'>annum</span> <span class='ocrx_word' id='word_1_140' title='bbox 1301 2585 1396 2639; x_wconf 86' lang='lat' dir='ltr'>CC</span> <span class='ocrx_word' id='word_1_141' title='bbox 1396 2586 1640 2641; x_wconf 89' lang='lat' dir='ltr'><em>CLXIX</em></span> 
     </span>
     <span class='ocr_line' id='line_1_27' title="bbox 607 2666 1633 2736; baseline 0.001 -19"><span class='ocrx_word' id='word_1_142' title='bbox 607 2684 721 2717; x_wconf 84' lang='lat' dir='ltr'>non</span> <span class='ocrx_word' id='word_1_143' title='bbox 788 2667 902 2719; x_wconf 79' lang='lat' dir='ltr'>sine</span> <span class='ocrx_word' id='word_1_144' title='bbox 970 2666 1363 2736; x_wconf 78' lang='lat' dir='ltr'>magistratibus</span> <span class='ocrx_word' id='word_1_145' title='bbox 1430 2667 1590 2718; x_wconf 81' lang='lat' dir='ltr'>fuisse</span> <span class='ocrx_word' id='word_1_146' title='bbox 1616 2703 1633 2729; x_wconf 85' lang='lat'>‚</span> 
     </span>
     <span class='ocr_line' id='line_1_28' title="bbox 611 2744 1635 2815; baseline 0 -18"><span class='ocrx_word' id='word_1_147' title='bbox 611 2745 942 2815; x_wconf 79' lang='lat' dir='ltr'>chronologi</span> <span class='ocrx_word' id='word_1_148' title='bbox 966 2762 1150 2796; x_wconf 82' lang='lat' dir='ltr'>omnes</span> <span class='ocrx_word' id='word_1_149' title='bbox 1168 2744 1518 2809; x_wconf 78' lang='lat' dir='ltr'>confitentur,</span> <span class='ocrx_word' id='word_1_150' title='bbox 1541 2744 1635 2797; x_wconf 82' lang='lat' dir='ltr'>sed</span> 
     </span>
    </p>
   </div>
   <div class='ocr_carea' id='block_1_7' title="bbox 507 2823 1636 2877">
    <p class='ocr_par' dir='ltr' id='par_1_8' title="bbox 507 2823 1636 2877">
     <span class='ocr_line' id='line_1_29' title="bbox 507 2823 1636 2877; baseline 0.002 -2"><span class='ocrx_word' id='word_1_151' title='bbox 507 2842 515 2847; x_wconf 85' lang='lat'><strong>·</strong></span> <span class='ocrx_word' id='word_1_152' title='bbox 608 2825 709 2876; x_wconf 81' lang='lat' dir='ltr'>sub</span> <span class='ocrx_word' id='word_1_153' title='bbox 788 2824 1019 2876; x_wconf 81' lang='lat' dir='ltr'>tribunis</span> <span class='ocrx_word' id='word_1_154' title='bbox 1073 2823 1300 2875; x_wconf 82' lang='lat' dir='ltr'>militum</span> <span class='ocrx_word' id='word_1_155' title='bbox 1368 2824 1636 2877; x_wconf 79' lang='lat' dir='ltr'>consulari</span> 
     </span>
    </p>
   </div>
   <div class='ocr_carea' id='block_1_8' title="bbox 610 2901 1642 4091">
    <p class='ocr_par' dir='ltr' id='par_1_9' title="bbox 611 2901 1638 3293">
     <span class='ocr_line' id='line_1_30' title="bbox 611 2901 1638 2975; baseline 0.002 -21"><span class='ocrx_word' id='word_1_156' title='bbox 611 2915 867 2974; x_wconf 79' lang='lat' dir='ltr'>potestate</span> <span class='ocrx_word' id='word_1_157' title='bbox 894 2920 907 2954; x_wconf 72' lang='grc' dir='ltr'><strong><em>ε</em></strong></span> <span class='ocrx_word' id='word_1_158' title='bbox 936 2914 1100 2975; x_wconf 86' lang='lat' dir='ltr'>quum</span> <span class='ocrx_word' id='word_1_159' title='bbox 1121 2901 1284 2954; x_wconf 87' lang='lat' dir='ltr'>iidem</span> <span class='ocrx_word' id='word_1_160' title='bbox 1316 2903 1638 2974; x_wconf 79' lang='lat' dir='ltr'>perhibeant</span> 
     </span>
     <span class='ocr_line' id='line_1_31' title="bbox 612 2981 1635 3053; baseline 0.003 -20"><span class='ocrx_word' id='word_1_161' title='bbox 612 2999 753 3034; x_wconf 74' lang='lat' dir='ltr'>anno</span> <span class='ocrx_word' id='word_1_162' title='bbox 789 2981 975 3035; x_wconf 85' lang='lat' dir='ltr'><em>CCC!</em></span> <span class='ocrx_word' id='word_1_163' title='bbox 976 2982 1189 3033; x_wconf 89' lang='lat' dir='ltr'><em>XXIX</em></span> <span class='ocrx_word' id='word_1_164' title='bbox 1224 2982 1459 3053; x_wconf 73' lang='grc' dir='ltr'>ἀναρχίαν</span> <span class='ocrx_word' id='word_1_165' title='bbox 1486 2983 1635 3036; x_wconf 77' lang='lat' dir='ltr'>illam</span> 
     </span>
     <span class='ocr_line' id='line_1_32' title="bbox 612 3061 1635 3135; baseline 0.002 -22"><span class='ocrx_word' id='word_1_166' title='bbox 612 3061 855 3133; x_wconf 81' lang='lat' dir='ltr'>quinque</span> <span class='ocrx_word' id='word_1_167' title='bbox 880 3079 1141 3114; x_wconf 81' lang='lat' dir='ltr'>annorum</span> <span class='ocrx_word' id='word_1_168' title='bbox 1174 3063 1439 3133; x_wconf 76' lang='lat' dir='ltr'>coepisse.</span> <span class='ocrx_word' id='word_1_169' title='bbox 1466 3062 1635 3135; x_wconf 88' lang='lat' dir='ltr'>quod</span> 
     </span>
     <span class='ocr_line' id='line_1_33' title="bbox 612 3141 1637 3221; baseline 0.004 -28"><span class='ocrx_word' id='word_1_170' title='bbox 612 3141 956 3193; x_wconf 71' lang='lat' dir='ltr'>altercatione</span> <span class='ocrx_word' id='word_1_171' title='bbox 982 3152 1097 3193; x_wconf 82' lang='lat' dir='ltr'>orta</span> <span class='ocrx_word' id='word_1_172' title='bbox 1128 3142 1377 3221; x_wconf 78' lang='lat' dir='ltr'>patricios</span> <span class='ocrx_word' id='word_1_173' title='bbox 1412 3143 1554 3195; x_wconf 81' lang='lat' dir='ltr'>inter</span> <span class='ocrx_word' id='word_1_174' title='bbox 1583 3156 1637 3197; x_wconf 86' lang='lat' dir='ltr'>et</span> 
     </span>
     <span class='ocr_line' id='line_1_34' title="bbox 611 3220 1635 3293; baseline 0.003 -21"><span class='ocrx_word' id='word_1_175' title='bbox 611 3221 883 3293; x_wconf 74' lang='lat' dir='ltr'>plebeios,</span> <span class='ocrx_word' id='word_1_176' title='bbox 931 3220 1002 3272; x_wconf 93' lang='lat' dir='ltr'>ob</span> <span class='ocrx_word' id='word_1_177' title='bbox 1030 3221 1200 3291; x_wconf 77' lang='lat' dir='ltr'>legem</span> <span class='ocrx_word' id='word_1_178' title='bbox 1227 3222 1385 3275; x_wconf 83' lang='lat' dir='ltr'>latam</span> <span class='ocrx_word' id='word_1_179' title='bbox 1412 3240 1437 3273; x_wconf 79' lang='lat' dir='ltr'>a</span> <span class='ocrx_word' id='word_1_180' title='bbox 1466 3224 1635 3275; x_wconf 84' lang='lat' dir='ltr'>tribn-</span> 
     </span>
    </p>

    <p class='ocr_par' dir='ltr' id='par_1_10' title="bbox 610 3301 1641 3673">
     <span class='ocr_line' id='line_1_35' title="bbox 610 3301 1640 3373; baseline 0.002 -20"><span class='ocrx_word' id='word_1_181' title='bbox 610 3302 695 3354; x_wconf 80' lang='lat' dir='ltr'>nis</span> <span class='ocrx_word' id='word_1_182' title='bbox 721 3301 891 3371; x_wconf 85' lang='lat' dir='ltr'>plebis</span> <span class='ocrx_word' id='word_1_183' title='bbox 930 3318 1070 3353; x_wconf 79' lang='lat' dir='ltr'>anno</span> <span class='ocrx_word' id='word_1_184' title='bbox 1104 3302 1397 3367; x_wconf 77' lang='lat' dir='ltr'>anteriore,</span> <span class='ocrx_word' id='word_1_185' title='bbox 1426 3301 1496 3355; x_wconf 88' lang='lat' dir='ltr'>de</span> <span class='ocrx_word' id='word_1_186' title='bbox 1525 3303 1640 3373; x_wconf 84' lang='lat' dir='ltr'>ple-</span> 
     </span>
     <span class='ocr_line' id='line_1_36' title="bbox 611 3380 1641 3453; baseline 0.002 -20"><span class='ocrx_word' id='word_1_187' title='bbox 611 3380 736 3433; x_wconf 87' lang='lat' dir='ltr'>beio</span> <span class='ocrx_word' id='word_1_188' title='bbox 756 3380 923 3434; x_wconf 76' lang='lat' dir='ltr'>altero</span> <span class='ocrx_word' id='word_1_189' title='bbox 940 3380 1171 3434; x_wconf 82' lang='lat' dir='ltr'>creando</span> <span class='ocrx_word' id='word_1_190' title='bbox 1202 3382 1445 3443; x_wconf 82' lang='lat' dir='ltr'>consule.</span> <span class='ocrx_word' id='word_1_191' title='bbox 1478 3383 1641 3453; x_wconf 82' lang='lat' dir='ltr'>patri·</span> 
     </span>
     <span class='ocr_line' id='line_1_37' title="bbox 611 3460 1636 3531; baseline 0.003 -19"><span class='ocrx_word' id='word_1_192' title='bbox 611 3461 819 3531; x_wconf 80' lang='lat' dir='ltr'>busque</span> <span class='ocrx_word' id='word_1_193' title='bbox 888 3460 1146 3514; x_wconf 71' lang='lat' dir='ltr'>acerrime</span> <span class='ocrx_word' id='word_1_194' title='bbox 1217 3461 1598 3515; x_wconf 73' lang='lat' dir='ltr'>obsistentibus</span> <span class='ocrx_word' id='word_1_195' title='bbox 1621 3501 1636 3526; x_wconf 93' lang='lat'>,</span> 
     </span>
     <span class='ocr_line' id='line_1_38' title="bbox 612 3539 1637 3612; baseline 0.001 -19"><span class='ocrx_word' id='word_1_196' title='bbox 612 3539 823 3593; x_wconf 73' lang='lat' dir='ltr'>nulium</span> <span class='ocrx_word' id='word_1_197' title='bbox 852 3540 1091 3593; x_wconf 88' lang='lat' dir='ltr'>curulem</span> <span class='ocrx_word' id='word_1_198' title='bbox 1112 3539 1469 3609; x_wconf 71' lang='lat' dir='ltr'>magistratum</span> <span class='ocrx_word' id='word_1_199' title='bbox 1498 3542 1637 3612; x_wconf 79' lang='lat' dir='ltr'>passi</span> 
     </span>
     <span class='ocr_line' id='line_1_39' title="bbox 614 3619 1405 3673; baseline 0 -1"><span class='ocrx_word' id='word_1_200' title='bbox 614 3632 739 3672; x_wconf 72' lang='lat' dir='ltr'>cunt</span> <span class='ocrx_word' id='word_1_201' title='bbox 770 3619 890 3673; x_wconf 81' lang='lat' dir='ltr'>fieri</span> <span class='ocrx_word' id='word_1_202' title='bbox 920 3620 1139 3673; x_wconf 84' lang='lat' dir='ltr'>tribuni.</span> <span class='ocrx_word' id='word_1_203' title='bbox 1175 3620 1356 3673; x_wconf 78' lang='lat' dir='ltr'>Hum.</span> <span class='ocrx_word' id='word_1_204' title='bbox 1400 3664 1405 3672; x_wconf 92' lang='lat'>.</span> 
     </span>
    </p>

    <p class='ocr_par' dir='ltr' id='par_1_11' title="bbox 610 3700 1642 4091">
     <span class='ocr_line' id='line_1_40' title="bbox 698 3700 1640 3766; baseline 0.005 -15"><span class='ocrx_word' id='word_1_205' title='bbox 698 3700 752 3752; x_wconf 89' lang='grc'>3.</span> <span class='ocrx_word' id='word_1_206' title='bbox 774 3700 958 3751; x_wconf 78' lang='lat' dir='ltr'>Lucina</span> <span class='ocrx_word' id='word_1_207' title='bbox 980 3704 1261 3751; x_wconf 77' lang='lat' dir='ltr'>nominetur.</span> <span class='ocrx_word' id='word_1_208' title='bbox 1278 3700 1501 3766; x_wconf 74' lang='lat' dir='ltr'>Lucina,</span> <span class='ocrx_word' id='word_1_209' title='bbox 1527 3700 1640 3756; x_wconf 78' lang='lat' dir='ltr'>sive</span> 
     </span>
     <span class='ocr_line' id='line_1_41' title="bbox 612 3776 1638 3841; baseline 0.001 -11"><span class='ocrx_word' id='word_1_210' title='bbox 612 3778 831 3831; x_wconf 77' lang='lat' dir='ltr'>Lucetia</span> <span class='ocrx_word' id='word_1_211' title='bbox 848 3816 865 3841; x_wconf 86' lang='lat'>,</span> <span class='ocrx_word' id='word_1_212' title='bbox 906 3778 1052 3832; x_wconf 82' lang='lat' dir='ltr'>Juno</span> <span class='ocrx_word' id='word_1_213' title='bbox 1103 3780 1217 3833; x_wconf 75' lang='lat' dir='ltr'>aliis</span> <span class='ocrx_word' id='word_1_214' title='bbox 1270 3776 1488 3833; x_wconf 86' lang='lat' dir='ltr'>dicitur.</span> <span class='ocrx_word' id='word_1_215' title='bbox 1542 3779 1638 3832; x_wconf 85' lang='lat' dir='ltr'>Ti-</span> 
     </span>
     <span class='ocr_line' id='line_1_42' title="bbox 612 3858 1641 3930; baseline 0.003 -22"><span class='ocrx_word' id='word_1_216' title='bbox 612 3858 763 3910; x_wconf 77' lang='lat' dir='ltr'>bullo</span> <span class='ocrx_word' id='word_1_217' title='bbox 789 3858 990 3911; x_wconf 73' lang='lat' dir='ltr'>Natalis</span> <span class='ocrx_word' id='word_1_218' title='bbox 1012 3898 1027 3923; x_wconf 89' lang='lat'>‚</span> <span class='ocrx_word' id='word_1_219' title='bbox 1074 3858 1275 3913; x_wconf 71' lang='lat' dir='ltr'>Graecis</span> <span class='ocrx_word' id='word_1_220' title='bbox 1298 3859 1490 3930; x_wconf 76' lang='grc' dir='ltr'><strong>γενναῒς</strong></span> <span class='ocrx_word' id='word_1_221' title='bbox 1509 3900 1526 3923; x_wconf 91' lang='lat'><em>‚</em></span> <span class='ocrx_word' id='word_1_222' title='bbox 1557 3859 1641 3912; x_wconf 78' lang='lat' dir='ltr'>vel</span> 
     </span>
     <span class='ocr_line' id='line_1_43' title="bbox 610 3937 1642 4012; baseline 0.001 -22"><span class='ocrx_word' id='word_1_223' title='bbox 610 3938 881 4005; x_wconf 71' lang='grc' dir='ltr'><strong>γινιτυλλὶς</strong></span> <span class='ocrx_word' id='word_1_224' title='bbox 896 3976 913 4003; x_wconf 89' lang='grc'><em>,</em></span> <span class='ocrx_word' id='word_1_225' title='bbox 934 3937 1053 3991; x_wconf 81' lang='lat' dir='ltr'>aliis</span> <span class='ocrx_word' id='word_1_226' title='bbox 1068 3938 1234 3995; x_wconf 72' lang='lat' dir='ltr'>Diana</span> <span class='ocrx_word' id='word_1_227' title='bbox 1249 3977 1264 4004; x_wconf 87' lang='lat'><strong><em>‚</em></strong></span> <span class='ocrx_word' id='word_1_228' title='bbox 1284 3958 1403 4012; x_wconf 67' lang='lat' dir='ltr'>quo</span> <span class='ocrx_word' id='word_1_229' title='bbox 1420 3952 1475 3991; x_wconf 81' lang='lat' dir='ltr'>et</span> <span class='ocrx_word' id='word_1_230' title='bbox 1489 3940 1642 3992; x_wconf 76' lang='grc' dir='ltr'>Εἶλεῖ·</span> 
     </span>
     <span class='ocr_line' id='line_1_44' title="bbox 612 4020 1635 4091; baseline 0.003 -23"><span class='ocrx_word' id='word_1_231' title='bbox 612 4022 720 4071; x_wconf 62' lang='lat' dir='ltr'>Ouia</span> <span class='ocrx_word' id='word_1_232' title='bbox 734 4056 749 4083; x_wconf 89' lang='lat'>,</span> <span class='ocrx_word' id='word_1_233' title='bbox 766 4020 1005 4081; x_wconf 72' lang='grc' dir='ltr'>ὼκυτόκος</span> <span class='ocrx_word' id='word_1_234' title='bbox 1020 4057 1035 4084; x_wconf 87' lang='grc'><strong>,</strong></span> <span class='ocrx_word' id='word_1_235' title='bbox 1050 4020 1337 4088; x_wconf 75' lang='grc' dir='ltr'>μογοςόκος,</span> <span class='ocrx_word' id='word_1_236' title='bbox 1350 4020 1635 4091; x_wconf 69' lang='grc' dir='ltr'>προθυραὶα,</span> 
     </span>
    </p>
   </div>
   <div class='ocr_carea' id='block_1_9' title="bbox 2142 835 2746 918">
    <p class='ocr_par' dir='ltr' id='par_1_12' title="bbox 2142 835 2746 918">
     <span class='ocr_line' id='line_1_45' title="bbox 2142 835 2746 918; baseline 0.002 -1"><span class='ocrx_word' id='word_1_237' title='bbox 2142 835 2167 878; x_wconf 74' lang='lat'>⁴</span> <span class='ocrx_word' id='word_1_238' title='bbox 2195 852 2462 918; x_wconf 85' lang='lat' dir='ltr'>circiter</span> <span class='ocrx_word' id='word_1_239' title='bbox 2489 874 2746 918; x_wconf 83' lang='lat' dir='ltr'>annum</span> 
     </span>
    </p>
   </div>
   <div class='ocr_carea' id='block_1_10' title="bbox 1713 955 2746 1049">
    <p class='ocr_par' dir='ltr' id='par_1_13' title="bbox 1713 955 2746 1049">
     <span class='ocr_line' id='line_1_46' title="bbox 1713 955 2746 1049; baseline 0 -24"><span class='ocrx_word' id='word_1_240' title='bbox 1713 970 1850 1040; x_wconf 84' lang='lat' dir='ltr'>est3</span> <span class='ocrx_word' id='word_1_241' title='bbox 1908 955 2024 1025; x_wconf 87' lang='lat' dir='ltr'>sed</span> <span class='ocrx_word' id='word_1_242' title='bbox 2064 957 2316 1025; x_wconf 83' lang='lat' dir='ltr'>incerta</span> <span class='ocrx_word' id='word_1_243' title='bbox 2363 956 2511 1049; x_wconf 86' lang='lat' dir='ltr'>ejus</span> <span class='ocrx_word' id='word_1_244' title='bbox 2547 971 2746 1040; x_wconf 81' lang='lat' dir='ltr'>aetaS‚</span> 
     </span>
    </p>
   </div>
   <div class='ocr_carea' id='block_1_11' title="bbox 1713 1153 2748 1304">
    <p class='ocr_par' dir='ltr' id='par_1_14' title="bbox 1713 1153 2748 1304">
     <span class='ocr_line' id='line_1_47' title="bbox 1715 1153 2748 1225; baseline 0.001 -21"><span class='ocrx_word' id='word_1_245' title='bbox 1715 1166 1938 1225; x_wconf 80' lang='lat' dir='ltr'>utraque</span> <span class='ocrx_word' id='word_1_246' title='bbox 1973 1153 2048 1212; x_wconf 66' lang='lat' dir='ltr'>tic</span> <span class='ocrx_word' id='word_1_247' title='bbox 2073 1153 2377 1218; x_wconf 80' lang='lat' dir='ltr'>nominata,</span> <span class='ocrx_word' id='word_1_248' title='bbox 2401 1153 2490 1205; x_wconf 74' lang='lat' dir='ltr'>vel</span> <span class='ocrx_word' id='word_1_249' title='bbox 2525 1172 2560 1206; x_wconf 80' lang='lat' dir='ltr'><strong>a</strong></span> <span class='ocrx_word' id='word_1_250' title='bbox 2598 1153 2748 1218; x_wconf 82' lang='lat' dir='ltr'>luco,</span> 
     </span>
     <span class='ocr_line' id='line_1_48' title="bbox 1713 1232 2748 1304; baseline 0.001 -20"><span class='ocrx_word' id='word_1_251' title='bbox 1713 1243 1776 1284; x_wconf 87' lang='lat' dir='ltr'>ut</span> <span class='ocrx_word' id='word_1_252' title='bbox 1789 1246 1973 1286; x_wconf 76' lang='lat' dir='ltr'>auctor</span> <span class='ocrx_word' id='word_1_253' title='bbox 1991 1232 2199 1303; x_wconf 80' lang='lat' dir='ltr'>putavit</span> <span class='ocrx_word' id='word_1_254' title='bbox 2213 1268 2230 1293; x_wconf 86' lang='lat'><strong>‚</strong></span> <span class='ocrx_word' id='word_1_255' title='bbox 2256 1232 2340 1285; x_wconf 82' lang='lat' dir='ltr'>vel</span> <span class='ocrx_word' id='word_1_256' title='bbox 2357 1233 2532 1285; x_wconf 81' lang='lat' dir='ltr'>aluce</span> <span class='ocrx_word' id='word_1_257' title='bbox 2547 1270 2564 1291; x_wconf 87' lang='lat'><strong>,</strong></span> <span class='ocrx_word' id='word_1_258' title='bbox 2590 1252 2748 1304; x_wconf 77' lang='lat' dir='ltr'>qnam</span> 
     </span>
    </p>
   </div>
   <div class='ocr_carea' id='block_1_12' title="bbox 1706 1313 2750 1385">
    <p class='ocr_par' dir='ltr' id='par_1_15' title="bbox 1706 1313 2750 1385">
     <span class='ocr_line' id='line_1_49' title="bbox 1706 1313 2750 1385; baseline -0.001 -20"><span class='ocrx_word' id='word_1_259' title='bbox 1706 1316 1898 1365; x_wconf 80' lang='lat' dir='ltr'>&#39;recens</span> <span class='ocrx_word' id='word_1_260' title='bbox 1937 1313 2074 1365; x_wconf 80' lang='lat' dir='ltr'>natis</span> <span class='ocrx_word' id='word_1_261' title='bbox 2113 1314 2345 1383; x_wconf 69' lang='lat' dir='ltr'>prebet,</span> <span class='ocrx_word' id='word_1_262' title='bbox 2402 1324 2458 1364; x_wconf 87' lang='lat' dir='ltr'>et</span> <span class='ocrx_word' id='word_1_263' title='bbox 2491 1313 2750 1385; x_wconf 82' lang='lat' dir='ltr'>quoniam</span> 
     </span>
    </p>
   </div>
   <div class='ocr_carea' id='block_1_13' title="bbox 1713 1390 2757 4089">
    <p class='ocr_par' dir='ltr' id='par_1_16' title="bbox 1713 1390 2757 3753">
     <span class='ocr_line' id='line_1_50' title="bbox 1715 1390 2752 1464; baseline 0 -20"><span class='ocrx_word' id='word_1_264' title='bbox 1715 1404 2000 1461; x_wconf 79' lang='lat' dir='ltr'>partuum,</span> <span class='ocrx_word' id='word_1_265' title='bbox 2035 1392 2130 1464; x_wconf 84' lang='lat' dir='ltr'>qui</span> <span class='ocrx_word' id='word_1_266' title='bbox 2163 1390 2340 1444; x_wconf 73' lang='lat' dir='ltr'>adhuc</span> <span class='ocrx_word' id='word_1_267' title='bbox 2363 1404 2522 1445; x_wconf 77' lang='lat' dir='ltr'>utero</span> <span class='ocrx_word' id='word_1_268' title='bbox 2546 1406 2752 1463; x_wconf 75' lang='lat' dir='ltr'>gestan-</span> 
     </span>
     <span class='ocr_line' id='line_1_51' title="bbox 1714 1472 2750 1543; baseline 0 -18"><span class='ocrx_word' id='word_1_269' title='bbox 1714 1484 1822 1535; x_wconf 79' lang='lat' dir='ltr'>tur,</span> <span class='ocrx_word' id='word_1_270' title='bbox 1850 1490 2055 1524; x_wconf 74' lang='lat' dir='ltr'>meuses</span> <span class='ocrx_word' id='word_1_271' title='bbox 2082 1472 2237 1543; x_wconf 81' lang='lat' dir='ltr'>regit.</span> <span class='ocrx_word' id='word_1_272' title='bbox 2261 1472 2538 1537; x_wconf 69' lang='lat' dir='ltr'>Catullum,</span> <span class='ocrx_word' id='word_1_273' title='bbox 2571 1475 2750 1526; x_wconf 75' lang='lat' dir='ltr'>Carm-</span> 
     </span>
     <span class='ocr_line' id='line_1_52' title="bbox 1713 1550 2748 1615; baseline 0.002 -12"><span class='ocrx_word' id='word_1_274' title='bbox 1713 1569 1905 1615; x_wconf 78' lang='lat' dir='ltr'>xxxiv,</span> <span class='ocrx_word' id='word_1_275' title='bbox 1933 1570 2008 1604; x_wconf 78' lang='lat' dir='ltr'>vs.</span> <span class='ocrx_word' id='word_1_276' title='bbox 2032 1557 2100 1613; x_wconf 75' lang='lat'>14</span> <span class='ocrx_word' id='word_1_277' title='bbox 2123 1572 2136 1603; x_wconf 72' lang='grc' dir='ltr'><em>τ</em></span> <span class='ocrx_word' id='word_1_278' title='bbox 2166 1553 2289 1603; x_wconf 82' lang='lat' dir='ltr'>-Tu</span> <span class='ocrx_word' id='word_1_279' title='bbox 2323 1551 2533 1604; x_wconf 78' lang='lat' dir='ltr'>Lucina</span> <span class='ocrx_word' id='word_1_280' title='bbox 2561 1550 2748 1605; x_wconf 87' lang='lat' dir='ltr'>dolen·</span> 
     </span>
     <span class='ocr_line' id='line_1_53' title="bbox 1715 1629 2748 1701; baseline 0.002 -18"><span class='ocrx_word' id='word_1_281' title='bbox 1715 1632 1855 1683; x_wconf 81' lang='lat' dir='ltr'>tibus</span> <span class='ocrx_word' id='word_1_282' title='bbox 1883 1632 1918 1683; x_wconf 85' lang='lat' dir='ltr'><strong>J</strong></span> <span class='ocrx_word' id='word_1_283' title='bbox 1922 1650 2027 1683; x_wconf 88' lang='lat' dir='ltr'>uno</span> <span class='ocrx_word' id='word_1_284' title='bbox 2050 1629 2194 1684; x_wconf 79' lang='lat' dir='ltr'>dictu</span> <span class='ocrx_word' id='word_1_285' title='bbox 2213 1632 2513 1701; x_wconf 80' lang='lat' dir='ltr'>puerperis,</span> <span class='ocrx_word' id='word_1_286' title='bbox 2531 1658 2556 1677; x_wconf 71' lang='grc' dir='ltr'>ι</span> <span class='ocrx_word' id='word_1_287' title='bbox 2589 1629 2748 1685; x_wconf 79' lang='lat' dir='ltr'>ovid.</span> 
     </span>
     <span class='ocr_line' id='line_1_54' title="bbox 1715 1710 2746 1781; baseline -0.001 -18"><span class='ocrx_word' id='word_1_288' title='bbox 1715 1710 1918 1763; x_wconf 82' lang='lat' dir='ltr'>Fastor.</span> <span class='ocrx_word' id='word_1_289' title='bbox 1948 1711 2048 1763; x_wconf 86' lang='lat' dir='ltr'>lib.</span> <span class='ocrx_word' id='word_1_290' title='bbox 2084 1712 2142 1763; x_wconf 86' lang='lat'>11</span> <span class='ocrx_word' id='word_1_291' title='bbox 2165 1747 2182 1774; x_wconf 68' lang='lat' dir='ltr'>a</span> <span class='ocrx_word' id='word_1_292' title='bbox 2222 1728 2300 1763; x_wconf 82' lang='lat' dir='ltr'>vs.</span> <span class='ocrx_word' id='word_1_293' title='bbox 2335 1716 2449 1780; x_wconf 70' lang='grc'>449</span> <span class='ocrx_word' id='word_1_294' title='bbox 2497 1723 2554 1763; x_wconf 88' lang='lat' dir='ltr'>et</span> <span class='ocrx_word' id='word_1_295' title='bbox 2605 1730 2746 1781; x_wconf 77' lang='lat' dir='ltr'>seqq.</span> 
     </span>
     <span class='ocr_line' id='line_1_55' title="bbox 1721 1788 2748 1843; baseline 0.003 -4"><span class='ocrx_word' id='word_1_296' title='bbox 1721 1818 1742 1839; x_wconf 71' lang='grc' dir='ltr'>ι</span> <span class='ocrx_word' id='word_1_297' title='bbox 1767 1790 1947 1843; x_wconf 73' lang='lat' dir='ltr'>Gratia</span> <span class='ocrx_word' id='word_1_298' title='bbox 1990 1792 2209 1843; x_wconf 73' lang='lat' dir='ltr'>Lucinae</span> <span class='ocrx_word' id='word_1_299' title='bbox 2232 1811 2245 1842; x_wconf 92' lang='lat'><strong>:</strong></span> <span class='ocrx_word' id='word_1_300' title='bbox 2293 1788 2445 1842; x_wconf 91' lang='lat' dir='ltr'>dedit</span> <span class='ocrx_word' id='word_1_301' title='bbox 2491 1788 2608 1843; x_wconf 73' lang='lat' dir='ltr'>hoec</span> <span class='ocrx_word' id='word_1_302' title='bbox 2657 1791 2748 1843; x_wconf 89' lang='lat' dir='ltr'>tibi</span> 
     </span>
     <span class='ocr_line' id='line_1_56' title="bbox 1713 1868 2750 1941; baseline 0.001 -20"><span class='ocrx_word' id='word_1_303' title='bbox 1713 1870 1932 1922; x_wconf 79' lang='lat' dir='ltr'>nomina</span> <span class='ocrx_word' id='word_1_304' title='bbox 1976 1869 2162 1933; x_wconf 76' lang='lat' dir='ltr'>lucus,</span> <span class='ocrx_word' id='word_1_305' title='bbox 2209 1868 2324 1921; x_wconf 83' lang='lat' dir='ltr'>Aut</span> <span class='ocrx_word' id='word_1_306' title='bbox 2375 1869 2506 1941; x_wconf 75' lang='lat' dir='ltr'>quia</span> <span class='ocrx_word' id='word_1_307' title='bbox 2551 1868 2750 1941; x_wconf 86' lang='lat' dir='ltr'>princi·</span> 
     </span>
     <span class='ocr_line' id='line_1_57' title="bbox 1716 1947 2750 2021; baseline 0.001 -21"><span class='ocrx_word' id='word_1_308' title='bbox 1716 1949 1868 2021; x_wconf 87' lang='lat' dir='ltr'>pium</span> <span class='ocrx_word' id='word_1_309' title='bbox 1895 1960 1951 2001; x_wconf 83' lang='lat' dir='ltr'>tu</span> <span class='ocrx_word' id='word_1_310' title='bbox 1969 1987 1986 2014; x_wconf 88' lang='lat'>‚</span> <span class='ocrx_word' id='word_1_311' title='bbox 2012 1950 2153 2011; x_wconf 75' lang='lat' dir='ltr'>Dea,</span> <span class='ocrx_word' id='word_1_312' title='bbox 2181 1948 2314 2001; x_wconf 85' lang='lat' dir='ltr'>lucis</span> <span class='ocrx_word' id='word_1_313' title='bbox 2334 1947 2524 2001; x_wconf 79' lang='lat' dir='ltr'>habes.</span> <span class='ocrx_word' id='word_1_314' title='bbox 2555 1950 2750 2016; x_wconf 78' lang='lat' dir='ltr'>Parce,</span> 
     </span>
     <span class='ocr_line' id='line_1_58' title="bbox 1716 2027 2748 2099; baseline 0.001 -20"><span class='ocrx_word' id='word_1_315' title='bbox 1716 2046 1935 2099; x_wconf 87' lang='lat' dir='ltr'>precor,</span> <span class='ocrx_word' id='word_1_316' title='bbox 1975 2027 2240 2099; x_wconf 77' lang='lat' dir='ltr'>gravidis,</span> <span class='ocrx_word' id='word_1_317' title='bbox 2293 2028 2463 2081; x_wconf 72' lang='lat' dir='ltr'>facilis</span> <span class='ocrx_word' id='word_1_318' title='bbox 2511 2029 2712 2081; x_wconf 83' lang='lat' dir='ltr'>Lucim</span> <span class='ocrx_word' id='word_1_319' title='bbox 2731 2068 2748 2093; x_wconf 89' lang='lat'>‚</span> 
     </span>
     <span class='ocr_line' id='line_1_59' title="bbox 1717 2107 2748 2179; baseline 0.001 -20"><span class='ocrx_word' id='word_1_320' title='bbox 1717 2107 1936 2179; x_wconf 86' lang='lat' dir='ltr'>puellis;</span> <span class='ocrx_word' id='word_1_321' title='bbox 1979 2110 2360 2177; x_wconf 70' lang='lat' dir='ltr'>Metui-umque</span> <span class='ocrx_word' id='word_1_322' title='bbox 2389 2120 2548 2160; x_wconf 84' lang='lat' dir='ltr'>utero</span> <span class='ocrx_word' id='word_1_323' title='bbox 2577 2109 2748 2160; x_wconf 88' lang='lat' dir='ltr'>molli-</span> 
     </span>
     <span class='ocr_line' id='line_1_60' title="bbox 1717 2185 2745 2251; baseline 0.001 -11"><span class='ocrx_word' id='word_1_324' title='bbox 1717 2200 1798 2241; x_wconf 87' lang='lat' dir='ltr'>ter</span> <span class='ocrx_word' id='word_1_325' title='bbox 1811 2188 1946 2240; x_wconf 78' lang='lat' dir='ltr'>effer</span> <span class='ocrx_word' id='word_1_326' title='bbox 1957 2206 2110 2240; x_wconf 87' lang='lat' dir='ltr'>onus.</span> <span class='ocrx_word' id='word_1_327' title='bbox 2131 2212 2153 2234; x_wconf 76' lang='grc' dir='ltr'>ι</span> <span class='ocrx_word' id='word_1_328' title='bbox 2170 2185 2320 2240; x_wconf 85' lang='lat' dir='ltr'>Idem</span> <span class='ocrx_word' id='word_1_329' title='bbox 2331 2188 2464 2239; x_wconf 80' lang='lat' dir='ltr'>Met.</span> <span class='ocrx_word' id='word_1_330' title='bbox 2483 2188 2587 2251; x_wconf 84' lang='lat' dir='ltr'>lx,</span> <span class='ocrx_word' id='word_1_331' title='bbox 2607 2188 2745 2243; x_wconf 76' lang='lat'>283:</span> 
     </span>
     <span class='ocr_line' id='line_1_61' title="bbox 1724 2264 2752 2337; baseline 0.007 -24"><span class='ocrx_word' id='word_1_332' title='bbox 1724 2292 1747 2313; x_wconf 67' lang='grc' dir='ltr'>ι</span> <span class='ocrx_word' id='word_1_333' title='bbox 1765 2266 2107 2337; x_wconf 71' lang='lat' dir='ltr'>Praepositam</span> <span class='ocrx_word' id='word_1_334' title='bbox 2168 2264 2373 2319; x_wconf 73' lang='lat' dir='ltr'>timidis</span> <span class='ocrx_word' id='word_1_335' title='bbox 2419 2266 2752 2337; x_wconf 82' lang='lat' dir='ltr'>parientibus</span> 
     </span>
     <span class='ocr_line' id='line_1_62' title="bbox 1715 2346 2746 2417; baseline -0.001 -19"><span class='ocrx_word' id='word_1_336' title='bbox 1715 2347 1992 2416; x_wconf 73' lang='lat' dir='ltr'>Ilithyam.</span> <span class='ocrx_word' id='word_1_337' title='bbox 2014 2371 2037 2393; x_wconf 71' lang='grc' dir='ltr'>ι</span> <span class='ocrx_word' id='word_1_338' title='bbox 2067 2346 2296 2398; x_wconf 84' lang='lat' dir='ltr'>Theocr.</span> <span class='ocrx_word' id='word_1_339' title='bbox 2334 2347 2390 2398; x_wconf 87' lang='lat' dir='ltr'>in</span> <span class='ocrx_word' id='word_1_340' title='bbox 2425 2346 2746 2417; x_wconf 81' lang='lat' dir='ltr'>Daphnide:</span> 
     </span>
     <span class='ocr_line' id='line_1_63' title="bbox 1717 2426 2750 2497; baseline 0.002 -20"><span class='ocrx_word' id='word_1_341' title='bbox 1717 2426 1932 2493; x_wconf 78' lang='grc' dir='ltr'>χαλεπὸν</span> <span class='ocrx_word' id='word_1_342' title='bbox 1958 2428 2096 2491; x_wconf 69' lang='grc' dir='ltr'><strong>βέλος</strong></span> <span class='ocrx_word' id='word_1_343' title='bbox 2116 2428 2399 2487; x_wconf 72' lang='grc' dir='ltr'><strong>Εἰλειθυίας.</strong></span> <span class='ocrx_word' id='word_1_344' title='bbox 2417 2426 2679 2497; x_wconf 83' lang='lat' dir='ltr'>Orpheus</span> <span class='ocrx_word' id='word_1_345' title='bbox 2698 2427 2750 2478; x_wconf 83' lang='lat' dir='ltr'>in</span> 
     </span>
     <span class='ocr_line' id='line_1_64' title="bbox 1719 2498 2746 2578; baseline 0.004 -21"><span class='ocrx_word' id='word_1_346' title='bbox 1719 2506 1936 2578; x_wconf 70' lang='lat' dir='ltr'>hymnis</span> <span class='ocrx_word' id='word_1_347' title='bbox 1979 2522 1994 2557; x_wconf 75' lang='lat' dir='ltr'>t</span> <span class='ocrx_word' id='word_1_348' title='bbox 2039 2498 2250 2576; x_wconf 78' lang='grc' dir='ltr'>Ᾰρτεμις</span> <span class='ocrx_word' id='word_1_349' title='bbox 2298 2506 2546 2559; x_wconf 74' lang='grc' dir='ltr'><strong>Εἰλείθυια</strong></span> <span class='ocrx_word' id='word_1_350' title='bbox 2591 2508 2675 2559; x_wconf 74' lang='grc' dir='ltr'>καὶ</span> <span class='ocrx_word' id='word_1_351' title='bbox 2715 2506 2746 2561; x_wconf 74' lang='grc' dir='ltr'><strong>ἦ</strong></span> 
     </span>
     <span class='ocr_line' id='line_1_65' title="bbox 1721 2584 2752 2656; baseline 0 -19"><span class='ocrx_word' id='word_1_352' title='bbox 1721 2586 1877 2656; x_wconf 68' lang='grc' dir='ltr'>σεμνὴ</span> <span class='ocrx_word' id='word_1_353' title='bbox 1901 2585 2185 2655; x_wconf 78' lang='grc' dir='ltr'><strong>προθυραία.</strong></span> <span class='ocrx_word' id='word_1_354' title='bbox 2208 2585 2469 2637; x_wconf 76' lang='lat' dir='ltr'>Fabuiosa</span> <span class='ocrx_word' id='word_1_355' title='bbox 2499 2588 2674 2639; x_wconf 81' lang='lat' dir='ltr'>multa</span> <span class='ocrx_word' id='word_1_356' title='bbox 2689 2584 2752 2637; x_wconf 86' lang='lat' dir='ltr'>de</span> 
     </span>
     <span class='ocr_line' id='line_1_66' title="bbox 1719 2662 2751 2734; baseline 0 -17"><span class='ocrx_word' id='word_1_357' title='bbox 1719 2665 1986 2734; x_wconf 79' lang='lat' dir='ltr'>Eileithya</span> <span class='ocrx_word' id='word_1_358' title='bbox 2019 2663 2142 2717; x_wconf 83' lang='lat' dir='ltr'>vide</span> <span class='ocrx_word' id='word_1_359' title='bbox 2167 2662 2316 2734; x_wconf 78' lang='lat' dir='ltr'>apud</span> <span class='ocrx_word' id='word_1_360' title='bbox 2344 2666 2666 2719; x_wconf 76' lang='lat' dir='ltr'>Pausaniam</span> <span class='ocrx_word' id='word_1_361' title='bbox 2699 2667 2751 2717; x_wconf 83' lang='lat' dir='ltr'>in</span> 
     </span>
     <span class='ocr_line' id='line_1_67' title="bbox 1721 2742 2755 2815; baseline 0.002 -20"><span class='ocrx_word' id='word_1_362' title='bbox 1721 2742 2010 2797; x_wconf 80' lang='lat' dir='ltr'>Arcadicis.</span> <span class='ocrx_word' id='word_1_363' title='bbox 2036 2744 2206 2796; x_wconf 86' lang='lat' dir='ltr'>Lilius</span> <span class='ocrx_word' id='word_1_364' title='bbox 2227 2744 2524 2815; x_wconf 72' lang='lat' dir='ltr'>Gyraldus.</span> <span class='ocrx_word' id='word_1_365' title='bbox 2541 2748 2755 2805; x_wconf 75' lang='grc' dir='ltr'><strong>Δυσὶζυ·</strong></span> 
     </span>
     <span class='ocr_line' id='line_1_68' title="bbox 1720 2822 2752 2895; baseline 0.003 -22"><span class='ocrx_word' id='word_1_366' title='bbox 1720 2844 1797 2876; x_wconf 81' lang='grc' dir='ltr'>νον</span> <span class='ocrx_word' id='word_1_367' title='bbox 1847 2823 2006 2876; x_wconf 77' lang='lat' dir='ltr'>etiam</span> <span class='ocrx_word' id='word_1_368' title='bbox 2029 2822 2248 2895; x_wconf 83' lang='lat' dir='ltr'>quidam</span> <span class='ocrx_word' id='word_1_369' title='bbox 2281 2839 2644 2891; x_wconf 77' lang='lat' dir='ltr'>vocaverunt,</span> <span class='ocrx_word' id='word_1_370' title='bbox 2685 2826 2752 2877; x_wconf 69' lang='grc' dir='ltr'>ὅτι</span> 
     </span>
     <span class='ocr_line' id='line_1_69' title="bbox 1717 2902 2753 2975; baseline 0.001 -22"><span class='ocrx_word' id='word_1_371' title='bbox 1717 2906 1818 2956; x_wconf 76' lang='grc' dir='ltr'><strong>λύει</strong></span> <span class='ocrx_word' id='word_1_372' title='bbox 1831 2906 1886 2955; x_wconf 79' lang='grc' dir='ltr'>τὸ</span> <span class='ocrx_word' id='word_1_373' title='bbox 1903 2905 2186 2973; x_wconf 70' lang='grc' dir='ltr'><strong>ἐσφιγμένον</strong></span> <span class='ocrx_word' id='word_1_374' title='bbox 2203 2902 2753 2975; x_wconf 63' lang='grc' dir='ltr'>τῶνκόλπωνΒὴοάἰς.</span> 
     </span>
     <span class='ocr_line' id='line_1_70' title="bbox 1719 2983 2756 3053; baseline 0.001 -19"><span class='ocrx_word' id='word_1_375' title='bbox 1719 2984 1816 3035; x_wconf 81' lang='lat' dir='ltr'>lib.</span> <span class='ocrx_word' id='word_1_376' title='bbox 1849 2983 2126 3048; x_wconf 82' lang='lat' dir='ltr'>XXVIII,</span> <span class='ocrx_word' id='word_1_377' title='bbox 2173 3001 2292 3053; x_wconf 75' lang='lat' dir='ltr'>cap.</span> <span class='ocrx_word' id='word_1_378' title='bbox 2331 2990 2423 3043; x_wconf 68' lang='lat'>24.</span> <span class='ocrx_word' id='word_1_379' title='bbox 2458 2984 2680 3037; x_wconf 80' lang='lat' dir='ltr'>Dicitur</span> <span class='ocrx_word' id='word_1_380' title='bbox 2705 2996 2756 3036; x_wconf 86' lang='lat' dir='ltr'>et</span> 
     </span>
     <span class='ocr_line' id='line_1_71' title="bbox 1722 3062 2755 3134; baseline 0.001 -20"><span class='ocrx_word' id='word_1_381' title='bbox 1722 3062 2042 3115; x_wconf 73' lang='lat' dir='ltr'>Marcellino</span> <span class='ocrx_word' id='word_1_382' title='bbox 2061 3064 2363 3133; x_wconf 69' lang='grc' dir='ltr'>δραι-λοχεία,</span> <span class='ocrx_word' id='word_1_383' title='bbox 2379 3062 2525 3134; x_wconf 78' lang='grc' dir='ltr'>παρὰ</span> <span class='ocrx_word' id='word_1_384' title='bbox 2549 3068 2607 3116; x_wconf 83' lang='grc' dir='ltr'>τὸ</span> <span class='ocrx_word' id='word_1_385' title='bbox 2622 3066 2755 3133; x_wconf 67' lang='grc' dir='ltr'>ὅρια,</span> 
     </span>
     <span class='ocr_line' id='line_1_72' title="bbox 1722 3141 2754 3212; baseline 0.002 -19"><span class='ocrx_word' id='word_1_386' title='bbox 1722 3148 1860 3194; x_wconf 84' lang='grc' dir='ltr'>τοῦτ’</span> <span class='ocrx_word' id='word_1_387' title='bbox 1885 3144 2005 3207; x_wconf 55' lang='lat' dir='ltr'>lviv,</span> <span class='ocrx_word' id='word_1_388' title='bbox 2027 3143 2234 3212; x_wconf 78' lang='grc' dir='ltr'>ὀτρύνειν</span> <span class='ocrx_word' id='word_1_389' title='bbox 2257 3144 2342 3204; x_wconf 62' lang='grc' dir='ltr'>τὴν</span> <span class='ocrx_word' id='word_1_390' title='bbox 2354 3143 2578 3210; x_wconf 70' lang='grc' dir='ltr'>λοχείαν.</span> <span class='ocrx_word' id='word_1_391' title='bbox 2595 3141 2754 3195; x_wconf 75' lang='lat' dir='ltr'>Hadr.</span> 
     </span>
     <span class='ocr_line' id='line_1_73' title="bbox 1725 3221 2756 3293; baseline 0.002 -20"><span class='ocrx_word' id='word_1_392' title='bbox 1725 3222 1854 3274; x_wconf 86' lang='lat' dir='ltr'>Jun.</span> <span class='ocrx_word' id='word_1_393' title='bbox 1897 3221 1991 3274; x_wconf 81' lang='lat' dir='ltr'>lib.</span> <span class='ocrx_word' id='word_1_394' title='bbox 2027 3223 2108 3273; x_wconf 88' lang='lat' dir='ltr'>IV</span> <span class='ocrx_word' id='word_1_395' title='bbox 2132 3260 2147 3285; x_wconf 93' lang='lat'>,</span> <span class='ocrx_word' id='word_1_396' title='bbox 2193 3240 2311 3293; x_wconf 80' lang='lat' dir='ltr'>cap.</span> <span class='ocrx_word' id='word_1_397' title='bbox 2347 3223 2440 3274; x_wconf 78' lang='lat'>23.</span> <span class='ocrx_word' id='word_1_398' title='bbox 2485 3223 2660 3275; x_wconf 76' lang='lat' dir='ltr'>plaut.</span> <span class='ocrx_word' id='word_1_399' title='bbox 2703 3222 2756 3275; x_wconf 86' lang='lat' dir='ltr'>in</span> 
     </span>
     <span class='ocr_line' id='line_1_74' title="bbox 1727 3301 2756 3365; baseline 0 -12"><span class='ocrx_word' id='word_1_400' title='bbox 1727 3301 1955 3354; x_wconf 83' lang='lat' dir='ltr'>Trucul.</span> <span class='ocrx_word' id='word_1_401' title='bbox 1986 3327 2008 3350; x_wconf 80' lang='grc' dir='ltr'>ιι</span> <span class='ocrx_word' id='word_1_402' title='bbox 2029 3302 2160 3353; x_wconf 80' lang='lat' dir='ltr'>Date</span> <span class='ocrx_word' id='word_1_403' title='bbox 2203 3301 2334 3354; x_wconf 81' lang='lat' dir='ltr'>mihi</span> <span class='ocrx_word' id='word_1_404' title='bbox 2372 3301 2486 3354; x_wconf 90' lang='lat' dir='ltr'>huc</span> <span class='ocrx_word' id='word_1_405' title='bbox 2518 3314 2756 3365; x_wconf 75' lang='lat' dir='ltr'>stactem,</span> 
     </span>
     <span class='ocr_line' id='line_1_75' title="bbox 1725 3380 2757 3451; baseline 0 -18"><span class='ocrx_word' id='word_1_406' title='bbox 1725 3394 1885 3451; x_wconf 77' lang='lat' dir='ltr'>atque</span> <span class='ocrx_word' id='word_1_407' title='bbox 1916 3380 2092 3449; x_wconf 85' lang='lat' dir='ltr'>ignem</span> <span class='ocrx_word' id='word_1_408' title='bbox 2117 3380 2174 3432; x_wconf 89' lang='lat' dir='ltr'>in</span> <span class='ocrx_word' id='word_1_409' title='bbox 2203 3398 2348 3433; x_wconf 75' lang='lat' dir='ltr'>aram</span> <span class='ocrx_word' id='word_1_410' title='bbox 2369 3420 2386 3447; x_wconf 85' lang='lat'>‚</span> <span class='ocrx_word' id='word_1_411' title='bbox 2423 3394 2487 3433; x_wconf 89' lang='lat' dir='ltr'>ut</span> <span class='ocrx_word' id='word_1_412' title='bbox 2517 3382 2757 3433; x_wconf 70' lang='lat' dir='ltr'>Venerei·</span> 
     </span>
     <span class='ocr_line' id='line_1_76' title="bbox 1725 3460 2750 3533; baseline -0.002 -22"><span class='ocrx_word' id='word_1_413' title='bbox 1725 3460 1984 3513; x_wconf 78' lang='lat' dir='ltr'>Lucinam</span> <span class='ocrx_word' id='word_1_414' title='bbox 2014 3460 2186 3513; x_wconf 78' lang='lat' dir='ltr'>deam.</span> <span class='ocrx_word' id='word_1_415' title='bbox 2217 3486 2238 3507; x_wconf 71' lang='lat' dir='ltr'>a</span> <span class='ocrx_word' id='word_1_416' title='bbox 2279 3462 2349 3513; x_wconf 90' lang='lat' dir='ltr'>Et</span> <span class='ocrx_word' id='word_1_417' title='bbox 2394 3460 2562 3531; x_wconf 84' lang='lat' dir='ltr'>paulo</span> <span class='ocrx_word' id='word_1_418' title='bbox 2591 3472 2709 3533; x_wconf 89' lang='lat' dir='ltr'>post</span> <span class='ocrx_word' id='word_1_419' title='bbox 2735 3478 2750 3509; x_wconf 70' lang='grc' dir='ltr'><strong>ε</strong></span> 
     </span>
     <span class='ocr_line' id='line_1_77' title="bbox 1731 3538 2751 3605; baseline 0.004 -18"><span class='ocrx_word' id='word_1_420' title='bbox 1731 3566 1754 3587; x_wconf 67' lang='grc' dir='ltr'>ι</span> <span class='ocrx_word' id='word_1_421' title='bbox 1784 3579 1940 3593; x_wconf 93' lang='grc'><strong>.....</strong></span> <span class='ocrx_word' id='word_1_422' title='bbox 1981 3540 2061 3592; x_wconf 81' lang='lat' dir='ltr'>fer</span> <span class='ocrx_word' id='word_1_423' title='bbox 2106 3540 2214 3591; x_wconf 88' lang='lat' dir='ltr'>huc</span> <span class='ocrx_word' id='word_1_424' title='bbox 2253 3540 2546 3594; x_wconf 79' lang='lat' dir='ltr'>verbenam</span> <span class='ocrx_word' id='word_1_425' title='bbox 2592 3538 2751 3605; x_wconf 79' lang='lat' dir='ltr'>mihi,</span> 
     </span>
     <span class='ocr_line' id='line_1_78' title="bbox 1725 3617 2754 3691; baseline -0.003 -18"><span class='ocrx_word' id='word_1_426' title='bbox 1725 3620 1878 3685; x_wconf 81' lang='lat' dir='ltr'>thus,</span> <span class='ocrx_word' id='word_1_427' title='bbox 1907 3631 1962 3671; x_wconf 88' lang='lat' dir='ltr'>et</span> <span class='ocrx_word' id='word_1_428' title='bbox 1987 3617 2206 3671; x_wconf 77' lang='lat' dir='ltr'>bellaria</span> <span class='ocrx_word' id='word_1_429' title='bbox 2234 3638 2248 3671; x_wconf 73' lang='grc' dir='ltr'><strong><em>ε</em></strong></span> <span class='ocrx_word' id='word_1_430' title='bbox 2276 3620 2410 3673; x_wconf 78' lang='lat' dir='ltr'>Date</span> <span class='ocrx_word' id='word_1_431' title='bbox 2432 3638 2630 3691; x_wconf 71' lang='lat' dir='ltr'>aquam</span> <span class='ocrx_word' id='word_1_432' title='bbox 2655 3637 2754 3671; x_wconf 76' lang='lat' dir='ltr'>ma-</span> 
     </span>
     <span class='ocr_line' id='line_1_79' title="bbox 1727 3700 2196 3753; baseline 0 -2"><span class='ocrx_word' id='word_1_433' title='bbox 1727 3700 1904 3753; x_wconf 78' lang='lat' dir='ltr'>nibus.</span> <span class='ocrx_word' id='word_1_434' title='bbox 1933 3726 1956 3747; x_wconf 73' lang='grc'><strong>»</strong></span> <span class='ocrx_word' id='word_1_435' title='bbox 1987 3700 2196 3751; x_wconf 57' lang='lat' dir='ltr'>Daue.</span> 
     </span>
    </p>

    <p class='ocr_par' dir='ltr' id='par_1_17' title="bbox 1814 3774 2712 3845">
     <span class='ocr_line' id='line_1_80' title="bbox 1814 3774 2712 3845; baseline 0 -14"><span class='ocrx_word' id='word_1_436' title='bbox 1814 3786 1867 3845; x_wconf 77' lang='grc'>4.</span> <span class='ocrx_word' id='word_1_437' title='bbox 1893 3779 2022 3831; x_wconf 82' lang='lat' dir='ltr'>Hoec</span> <span class='ocrx_word' id='word_1_438' title='bbox 2047 3796 2188 3830; x_wconf 81' lang='lat' dir='ltr'>nunc.</span> <span class='ocrx_word' id='word_1_439' title='bbox 2214 3774 2372 3829; x_wconf 81' lang='lat' dir='ltr'>AEdes</span> <span class='ocrx_word' id='word_1_440' title='bbox 2393 3776 2632 3831; x_wconf 61' lang='lat' dir='ltr'>Lucina.</span> <span class='ocrx_word' id='word_1_441' title='bbox 2651 3778 2712 3831; x_wconf 83' lang='lat' dir='ltr'>H.</span> 
     </span>
    </p>

    <p class='ocr_par' dir='ltr' id='par_1_18' title="bbox 1729 3856 2746 4089">
     <span class='ocr_line' id='line_1_81' title="bbox 1814 3856 2746 3929; baseline 0 -18"><span class='ocrx_word' id='word_1_442' title='bbox 1814 3858 1867 3911; x_wconf 83' lang='grc'>5.</span> <span class='ocrx_word' id='word_1_443' title='bbox 1893 3860 2157 3929; x_wconf 77' lang='lat' dir='ltr'>Antiquior</span> <span class='ocrx_word' id='word_1_444' title='bbox 2183 3857 2287 3909; x_wconf 74' lang='lat' dir='ltr'>illa.</span> <span class='ocrx_word' id='word_1_445' title='bbox 2323 3856 2510 3909; x_wconf 78' lang='lat' dir='ltr'>Arbor</span> <span class='ocrx_word' id='word_1_446' title='bbox 2529 3858 2746 3920; x_wconf 76' lang='lat' dir='ltr'>scilieet,</span> 
     </span>
     <span class='ocr_line' id='line_1_82' title="bbox 1731 3937 2745 4009; baseline -0.003 -18"><span class='ocrx_word' id='word_1_447' title='bbox 1731 3940 2120 4009; x_wconf 84' lang='lat' dir='ltr'>cujuscumque</span> <span class='ocrx_word' id='word_1_448' title='bbox 2143 3937 2234 3989; x_wconf 80' lang='lat' dir='ltr'>illa</span> <span class='ocrx_word' id='word_1_449' title='bbox 2257 3937 2466 4008; x_wconf 79' lang='lat' dir='ltr'>generis</span> <span class='ocrx_word' id='word_1_450' title='bbox 2498 3938 2619 3990; x_wconf 77' lang='lat' dir='ltr'>fuit.</span> <span class='ocrx_word' id='word_1_451' title='bbox 2656 3938 2745 3989; x_wconf 84' lang='lat' dir='ltr'>Fe-</span> 
     </span>
     <span class='ocr_line' id='line_1_83' title="bbox 1729 4015 2740 4089; baseline -0.002 -18"><span class='ocrx_word' id='word_1_452' title='bbox 1729 4032 1840 4072; x_wconf 76' lang='lat' dir='ltr'>stus</span> <span class='ocrx_word' id='word_1_453' title='bbox 1871 4038 1884 4073; x_wconf 75' lang='grc' dir='ltr'><em>τ</em></span> <span class='ocrx_word' id='word_1_454' title='bbox 1913 4042 1936 4063; x_wconf 76' lang='grc' dir='ltr'>ιι</span> <span class='ocrx_word' id='word_1_455' title='bbox 1955 4015 2265 4089; x_wconf 71' lang='lat' dir='ltr'>Capillmm</span> <span class='ocrx_word' id='word_1_456' title='bbox 2283 4054 2300 4081; x_wconf 86' lang='lat'>‚</span> <span class='ocrx_word' id='word_1_457' title='bbox 2320 4016 2406 4068; x_wconf 81' lang='lat' dir='ltr'>vel</span> <span class='ocrx_word' id='word_1_458' title='bbox 2433 4016 2740 4089; x_wconf 70' lang='lat' dir='ltr'>Capillarem</span> 
     </span>
    </p>
   </div>
  </div>
 </body>
</html>
