2984 5009
666 456 808 537 244
1397 448 1948 518 EXCURSUS
2010 448 2067 514 I.

663 584 841 636 fructu
852 579 1242 641 laudatissimo,
1255 578 1312 631 in
1326 596 1474 631 sacro
1491 578 1756 649 reperitur
1777 576 2015 631 Hebroeae
2035 574 2209 647 gentis
2220 572 2434 641 codice,
2450 574 2548 629 uhi
2570 576 2803 630 nomine

661 663 880 715 Dudas'm
899 660 984 714 bis
1007 658 1358 731 predicatur,
1385 671 1499 711 tum
1520 658 1593 711 ob
1614 656 1816 729 saporis
1840 654 2209 718 dulcedinem,
2236 666 2351 707 tum
2382 656 2455 708 ob
2474 654 2661 709 odoris
2682 676 2805 709 sua-

663 745 872 796 vitatem
890 736 942 803 (1
953 746 992 809 ).
1021 738 1179 792 Hunc
1209 750 1382 791 autem
1423 738 1659 790 fructum
1676 778 1694 801 ,
1723 754 1897 808 neque
1928 733 2365 805 mandragoram,
2403 748 2462 788 ut
2487 737 2805 789 anctoritate

657 822 988 894 septuaginta
1009 818 1362 889 interpretum
1391 817 1551 889 vulgo
1582 814 1838 879 creditur..
1860 834 2036 887 neque
2058 816 2221 867 alium
2242 815 2536 888 quemlihet
2560 815 2807 869 fructum

659 922 770 956 esse
801 914 892 954 aut
920 899 1107 953 florem
1125 938 1142 961 ,
1186 896 1490 951 doctissime
1510 934 1527 961 ‚
1576 895 1655 949 uti
1702 896 1931 961 solebat,
1974 906 2037 963 et·
2068 895 2279 966 egregie
2328 895 2579 967 probavit
2630 896 2805 949 Olaus

659 981 862 1037 Celsius
904 974 1004 1043 (s).
1055 980 1262 1032 Priscus
1290 976 1533 1049 sequitur
1576 976 1872 1034 Rahbinos,
1919 975 2013 1047 qui
2058 973 2289 1027 Dudaim
2337 974 2544 1029 arboris
2590 983 2800 1063 33·qu

659 1080 895 1133 fructum
921 1094 1031 1130 esse
1049 1074 1346 1128 docuerunt
1361 1112 1377 1137 ,
1391 1090 1507 1126 eam
1524 1091 1653 1126 vero
1668 1073 1915 1126 arborem
1934 1092 2060 1125 cum
2080 1072 2194 1126 loto
2212 1072 2527 1127 Grncorum
2548 1071 2803 1127 eamdem

657 1177 769 1213 esse
796 1156 1008 1213 monuit
1029 1158 1140 1227 jam
1169 1154 1298 1208 Abu
1327 1154 1361 1205 'l
1391 1152 1541 1206 Fadli
1558 1190 1576 1218 ,
1618 1163 1751 1207 teste
1776 1150 1965 1207 eodem
1988 1151 2183 1207 celsio.
2210 1152 2335 1207 Loti
2361 1153 2539 1223 itaque
2560 1154 2803 1223 species,

657 1250 712 1291 et
737 1240 848 1293 fere
869 1238 1148 1291 Rhamnus
1171 1234 1323 1287 Lotus
1349 1232 1482 1297 fuit,
1511 1234 1663 1304 cujus
1691 1231 1895 1285 fructus
1921 1230 2153 1303 drupam
2176 1232 2312 1287 sistit
2333 1251 2767 1304 monopyrenam
2784 1272 2802 1300 ,

658 1331 714 1373 et
729 1318 931 1391 saporis
961 1314 1098 1369 mira
1119 1314 1376 1367 suavitate
1399 1325 1454 1366 et
1477 1309 1659 1365 odoris
1684 1313 1989 1383 prestantia
2012 1312 2327 1367 celebratam
2346 1350 2364 1378 ,
2392 1330 2513 1384 quae
2526 1312 2801 1365 Jacob·-

658 1397 1010 1471 patriarcham
1039 1412 1162 1447 cum
1195 1394 1424 1464 conjuge
1453 1391 1653 1445 iterum
1678 1391 2011 1457 conciliavit,
2048 1404 2211 1465 atque
2238 1392 2365 1446 huic
2403 1390 2802 1447 secunditatem

657 1498 776 1535 com
910 1475 1002 1528 vit.
1415 1512 1420 1519 .

737 1494 1095 1628 imaeque
1116 1551 1345 1605 Dudaim
1371 1550 1691 1623 etymologia
1712 1548 1948 1623 perbelle
1975 1569 2105 1606 cum
2126 1556 2284 1605 λωτοῦ
2310 1550 2645 1605 derivatione
2668 1570 2802 1605 con-

657 1638 815 1707 gruit.
845 1635 994 1687 Sicut
1039 1632 1182 1685 enim
1224 1650 1507 1719 ung-'57
1534 1650 1565 1684 a
1588 1650 1721 1719 -Π-,τ
1764 1650 1930 1697 amor,
1972 1632 2202 1695 dilectus,
2246 1631 2317 1685 ita
2352 1634 2505 1693 λωτὸς
2534 1650 2565 1684 a
2594 1632 2801 1685 Dorico

661 1734 824 1787 verb0
847 1736 920 1783 λῶ
942 1747 996 1801 q.
1023 1731 1174 1793 ono,
1213 1726 1356 1781 unde
1377 1732 1463 1789 λῆς
1490 1728 1737 1801 frequens
1760 1730 1883 1782 satis
1906 1728 1962 1781 in
1996 1729 2285 1782 Theocrito
2314 1741 2369 1782 et
2396 1727 2802 1800 Aristophane,

660 1812 804 1867 unde
835 1824 888 1864 et
924 1809 1079 1863 λωΐων
1096 1848 1111 1870 ,
1151 1808 1318 1879 λῴων;
1354 1808 1559 1872 λῶῖςος,
1606 1814 1803 1880 >ti-[2⁴:033
1853 1810 2051 1873 melior,
2102 1812 2322 1879 optimus.
2368 1808 2623 1880 Euripidi
2674 1822 2800 1881 apte

656 1910 864 1946 amores
883 1900 1141 1943 vocantur
1167 1884 1370 1941 delicia‘.
1393 1888 1491 1941 loti
1508 1925 1526 1950 ,
1547 1894 1704 1941 λωτοῦ
1727 1909 1784 1942 τι
1810 1890 1983 1959 ἔρωτας
2000 1929 2016 1956 ,
2036 1889 2171 1946 ἡλίου
2190 1887 2335 1959 ἁγναὶ
2365 1888 2492 1954 βᾶις.

737 1970 901 2026 Celtis
929 1980 1007 2021 est
1033 1968 1263 2019 australis
1283 1987 1372 2029 ea,
1403 1986 1563 2040 quam
1592 1967 1732 2020 inter
1758 1968 1927 2021 varias
1959 1968 2053 2021 loti
2080 1968 2285 2021 arboris
2314 1968 2519 2041 species
2537 1966 2804 2022 deam-ibit

655 2049 1054 2120 Theophrastus
1081 2044 1199 2112 (3),
1227 2048 1428 2101 excelsa
1467 2048 1658 2112 arbor,
1703 2046 1809 2118 piri
1842 2047 2205 2119 magnitudine
2246 2060 2338 2100 aut
2372 2048 2555 2119 paullo
2582 2050 2800 2111 minor,

657 2130 798 2185 foliis
826 2128 1009 2182 incisis
1025 2166 1041 2191 ,
1064 2127 1302 2191 serratis,
1322 2127 1469 2180 velut
1495 2126 1631 2179 ilicis
1657 2126 1786 2179 folia
1807 2166 1823 2193 ‚
1848 2128 1999 2199 ligno
2026 2128 2322 2199 nigricante
2341 2166 2358 2192 ,
2388 2126 2569 2181 fructu
2612 2128 2797 2181 fabam

653 2208 926 2264 volumine
947 2218 1217 2279 aequante,
1243 2202 1595 2271 versicolore,
1623 2220 1785 2277 prout
1808 2208 2139 2272 maturescit3
2164 2208 2399 2279 primum
2426 2206 2571 2260 enim
2596 2206 2800 2271 viridi,

655 2302 834 2362 postea
857 2284 1054 2340 flavido
1069 2325 1086 2352 ,
1111 2284 1344 2358 denique
1366 2286 1679 2357 nigricante.
1710 2284 1854 2357 Apte
1872 2306 1987 2340 eam
2010 2287 2253 2339 arborem
2274 2285 2553 2357 distinguit
2574 2288 2643 2340 ab
2662 2288 2797 2353 alia,

654 2369 845 2422 iisdem
873 2366 1072 2419 Africae
1102 2366 1406 2435 regionibus
1433 2364 1715 2429 familiari,
1758 2384 1920 2435 quam
1952 2366 2184 2418 Rhamni
2228 2364 2455 2437 speciem
2500 2384 2799 2439 veramque

653 2447 880 2502 Homeri
921 2445 1087 2499 lotum
1132 2462 1268 2501 esse,
1293 2456 1476 2516 postea
1514 2442 1847 2499 docebimus.
1897 2444 2107 2499 Plinius
2150 2462 2281 2498 vero
2325 2446 2464 2499 male
2506 2445 2799 2501 confundit

655 2542 944 2598 utrumque
970 2542 1168 2595 genus,
1191 2522 1321 2577 dum
1339 2523 1492 2594 plura
1511 2564 1527 2588 ‚
1558 2541 1673 2594 qun
1696 2522 1763 2577 ad
1790 2524 2093 2578 Rhamnum
2113 2524 2285 2577 Lotum
2302 2525 2575 2595 pertinent
2590 2564 2606 2590 ‚
2637 2545 2689 2579 e.
2712 2546 2794 2598 gr.

657 2608 843 2661 vinum
857 2624 920 2659 ex
931 2602 1120 2673 drupis
1147 2602 1468 2666 confectum,
1485 2602 1556 2655 ad
1581 2601 1757 2657 Celtin
1784 2603 2387 2658 transfertAEen-'ssorum
2412 2624 2565 2657 more
2584 2605 2793 2661 fructus

652 2704 774 2740 suos
801 2684 1023 2739 omnino
1049 2682 1282 2753 profert,
1313 2700 1486 2753 neque
1522 2682 1667 2736 velut
1689 2694 1991 2753 mys-torum
2010 2723 2029 2747 ,
2056 2682 2206 2755 quod
2235 2682 2304 2737 de
2343 2685 2576 2737 Rhamni
2609 2688 2793 2757 specie

653 2768 804 2821 valet.
843 2763 1118 2817 Excelsam
1144 2760 1284 2814 hanc
1321 2762 1565 2815 arborem
1592 2762 1709 2833 ipso
1734 2764 1955 2817 nomine
1983 2762 2150 2816 Celtis
2178 2764 2397 2836 insignit
2438 2764 2645 2819 Plinius
2664 2803 2685 2827 ..
2732 2766 2791 2819 in

653 2845 862 2899 Italiam
899 2841 1199 2894 translatam
1237 2838 1479 2894 indolem
1531 2860 1677 2894 suam
1726 2844 1928 2896 exuisse
1964 2843 2249 2896 arbitratur
2272 2881 2292 2907 ‚
2332 2856 2393 2897 ut
2441 2845 2613 2915 spinis
2648 2845 2795 2901 sorte

653 2938 811 2997 atque
841 2920 1032 2976 aculeis
1064 2920 1248 2973 orbata
1282 2922 1378 2987 sit,
1413 2939 1597 2975 errore
1646 2918 1837 2975 eodem
1866 2920 2118 2975 seductus
2149 2912 2255 2992 (4).
2285 2922 2541 2977 Eamdem
2566 2943 2797 2999 quoque

649 3016 914 3057 senectam
939 2997 1072 3054 adeo
1097 2999 1283 3053 miram
1305 3001 1565 3073 attingere
1596 3012 1840 3064 testatur,
1882 3014 1945 3055 ut
1974 3002 2031 3055 in
2058 3002 2277 3057 Lucina
2304 3022 2425 3057 area
2453 3003 2645 3071 tuerit,
2668 3026 2795 3079 qua

649 3100 810 3139 ccccx.
832 3098 999 3134 annos
1017 3080 1127 3151 jam
1153 3080 1358 3134 steterit
1379 3078 1480 3147 (5).

730 3164 903 3233 Hujus
939 3158 1145 3213 arboris
1185 3160 1431 3214 materies
1465 3158 1753 3214 durissima
1782 3173 1837 3214 et
1879 3160 1990 3214 fere
2028 3180 2173 3215 ossea
2205 3156 2287 3227 (6)
2316 3182 2346 3216 a
2381 3162 2620 3237 pristinis
2659 3162 2794 3219 inde

646 3240 981 3314 temporibus
1008 3237 1076 3291 ad
1103 3240 1246 3292 varia
1271 3240 1485 3311 opificia
1526 3238 1581 3295 et
1618 3242 1969 3295 instrumenta
2006 3240 2339 3296 conficienda
2380 3255 2632 3315 usurpata
2664 3244 2789 3299 fnit.

645 3321 975 3375 Fabulantur
989 3318 1090 3390 ipsi
1109 3318 1316 3372 Arabes
1332 3357 1349 3386 ,
1367 3320 1599 3383 tabulas,
1616 3322 1812 3393 quibus
1834 3320 2081 3377 Mosaicae
2100 3323 2239 3393 leges
2261 3322 2533 3394 inscripto
2558 3323 2787 3391 suerint,

643 3420 711 3456 ex
729 3402 834 3455 hoc
859 3400 1007 3475 ligno
1017 3398 1298 3460 ,confectas
1315 3416 1426 3453 esse
1453 3390 1557 3473 (7).
1578 3401 1872 3456 simulacra
1888 3402 2133 3455 Deorum
2160 3420 2226 3454 ex
2244 3400 2435 3456 eodem
2453 3403 2588 3457 olim
2609 3404 2789 3459 fabre·

703 3630 776 3693 (1)
806 3628 976 3677 Genus.
999 3628 1157 3683 XXX,
1197 3635 1278 3683 14,
1301 3638 1338 3673 s.
1359 3626 1495 3675 Cant.
1524 3630 1642 3683 vn,
1678 3626 1733 3675 13
1753 3663 1767 3683 ,
1794 3636 1867 3684 η.

701 3710 774 3773 (a)
805 3710 860 3755 1..
895 3724 938 3755 c.
968 3707 1136 3761 vol.1.
1155 3722 1205 3769 p.
1234 3722 1312 3755 ao.

701 3788 775 3851 (3)
803 3786 909 3833 m».
939 3786 1022 3840 tv,
1045 3800 1089 3831 c.
1113 3788 1168 3846 4,
1197 3800 1247 3847 p.
1276 3784 1350 3845 75.

701 3863 773 3925 (4)
804 3861 928 3908 min.
960 3860 1046 3907 lib.
1069 3860 1212 3916 xm,
1243 3876 1287 3907 c.
1325 3876 1401 3922 ¹7-

701 3938 776 4001 (5)
808 3938 882 3983 lh.
914 3935 1000 3981 lib.
1031 3936 1172 3991 xvi,
1203 3951 1248 3983 o.
1278 3941 1356 3991 44.

699 4012 772 4075 (6)
801 4010 1039 4071 Theophr.
1067 4008 1186 4057 nist.
1207 4010 1355 4071 plant.
1378 4010 1462 4057 lib.
1485 4011 1537 4065 1,
1562 4024 1666 4073 c.9,
1682 4028 1733 4073 p.
1760 4026 1851 4066 ως
1882 4010 2003 4061 Ptin.
2026 4012 2115 4059 lib.
2137 4012 2249 4061 XVI
2267 4044 2283 4066 .
2304 4030 2346 4061 e.
2366 4013 2441 4063 38.

699 4088 774 4152 (7)
801 4083 1056 4139 Hei-belot,
1085 4084 1308 4131 Biblioth.
1334 4085 1503 4131 orient.
1532 4101 1582 4148 p.
1602 4085 1726 4148 649,
1746 4086 1850 4147 706.
