2984 5009
928 463 1031 532 L1
1050 464 1253 531 BER
1306 464 1514 533 XVI.

186 612 417 681 quercu
431 586 449 613 ¹
458 588 475 613 ¹
492 644 513 676 ,

2147 459 2300 551 489

556 602 759 685 atque
802 591 1279 685 grandissima:
1323 618 1475 663 mox
1525 591 1795 663 esculo:
1836 614 1990 659 nam
2043 588 2302 659 roboris

186 718 414 787 parva.
450 721 639 767 cerro
676 696 911 769 tristis¹
920 694 967 781 ³,
1005 698 1312 787 horrida,
1350 700 1660 771 echinato
1713 695 1974 792 calyce,
2021 721 2146 765 ceu
2189 714 2301 765 ca-

186 814 425 873 staneae.
454 803 587 873 Sed
618 818 685 875 et
714 804 785 872 in
808 828 1095 899 querna,
1114 804 1241 875 alia
1262 805 1556 893 dulcior,
1581 803 1978 898 molliorque
2003 802 2298 934 f3eminae:

184 910 337 977 mari
368 910 693 1007 spissior.
694 912 991 981 Maxime
1030 927 1253 983 autem
1289 913 1660 1008 probantur
1697 894 2050 981 latifoliaess
2083 932 2166 977 ex
2205 933 2302 977 ar·

185 1030 483 1109 gumento
522 1017 735 1087 dictae.
782 1019 1055 1089 Distant
1096 1020 1269 1091 inter
1302 1044 1373 1089 se

1390 1006 1438 1051 ¹⁴
1478 1017 1977 1115 magnitudine,
2021 1030 2092 1085 et
2132 1016 2302 1085 cutis

185 1123 503 1192 tenuitate.
555 1125 731 1195 Item
768 1123 953 1218 quod
986 1124 1129 1196 aliis
1165 1124 1395 1196 subest
1430 1128 1656 1197 tunica
1689 1124 2039 1255 rubigine5
2028 1122 2264 1193 soebra
2281 1172 2301 1207 ,

182 1224 306 1296 aliis
348 1232 655 1323 protinus
696 1230 1053 1301 candidum
1101 1256 1365 1328 corpus.
1418 1233 1752 1302 Probatur
1785 1244 1855 1302 et
1897 1228 2010 1301 eax
2017 1215 2066 1317 ⁵,
2111 1227 2302 1321 cujus
2339 1231 2372 1285 3

184 1334 241 1400 in
280 1332 519 1405 balano
559 1339 897 1433 utrimque
945 1364 1027 1407 ex
1075 1325 1552 1434 longitudine¹6
1557 1392 1576 1425 ,
1618 1351 1916 1408 extrema
1963 1334 2304 1431 lapidescit

182 1438 403 1511 duritia
429 1440 524 1481 ¹·⁷
508 1468 525 1511 ;
574 1442 842 1532 melior,
884 1446 993 1515 cui
1035 1446 1103 1515 in
1146 1447 1424 1531 cortice,
1478 1471 1682 1541 quam
1727 1446 1834 1515 cui
1871 1445 1942 1513 in
1980 1466 2300 1537 corpore.

181 1560 387 1617 utrum
438 1573 523 1617 ue
571 1574 709 1619 non
748 1551 875 1620 nisi
918 1554 1108 1622 mari.
1158 1555 1485 1623 Praeterea
1531 1551 1674 1622 aliis
1717 1564 1954 1638 ovata,
2008 1547 2152 1619 aliis
2193 1572 2302 1617 ro-

144 1654 407 1725 .tunda²
442 1709 463 1743 ,
504 1653 645 1725 aliis
676 1659 933 1727 acutior
976 1658 1220 1753 figura..
1260 1662 1449 1729 Sicut
1491 1673 1562 1728 et
1593 1653 1776 1730 colos
1813 1658 2100 1755 nigrior,
2138 1679 2303 1724 can-

178 1757 491 1847 didiorve,
554 1764 670 1857 qui
719 1764 1089 1859 praefertur.
1146 1766 1542 1837 Amaritudo
1606 1767 1674 1835 in
1737 1761 2260 1835 extremitatibus
2279 1815 2299 1849 ,

178 1867 391 1937 mediae
444 1866 691 1939 dulces.
736 1870 920 1959 Quin
954 1886 1025 1941 et
1066 1871 1352 1968 pediculi
1368 1871 1417 1911 ¹⁹

1460 1872 1754 1941 brevitas
1802 1871 2300 1967 proceritasque

176 1970 597 2043 differentiam
622 1975 847 2046 habet.
880 1979 964 2045 In
987 1979 1143 2073 ipsis
1166 2004 1326 2048 vero
1356 1979 1708 2048 arboribus
1726 2031 1745 2066 ,
1778 2002 1924 2073 quae
1943 1976 2299 2045 maximam
2337 2001 2370 2059 4

178 2078 287 2149 fert
309 2134 329 2169 ‚
390 2081 681 2151 hemeris
732 2098 1013 2153 vocatur
1027 2082 1103 2171 ²⁰,
1142 2084 1410 2157 brevior
1428 2138 1449 2172 ,
1501 2099 1572 2154 et
1608 2086 1678 2153 in
1718 2084 1952 2153 orbem
1989 2105 2256 2153 comosa
2281 2134 2302 2168 ,

176 2349 269 2401 quo
288 2333 407 2385 loco
435 2343 623 2387 tractat
646 2331 714 2385 de
740 2333 868 2387 llice
886 2372 903 2399 ,
930 2332 1182 2402 Smilace,

176 2409 495 2485 Pheuodryi,
552 2430 813 2483 nusquam
864 2412 924 2466 id
974 2415 1181 2468 scribit.

1271 2334 1491 2407 glandes
1517 2336 1812 2407 generatim
1847 2346 1902 2389 et
1929 2334 2191 2389 univerae.
2233 2334 2300 2389 H.

1361 2436 1381 2471 ι
1398 2416 1451 2470 5.
1478 2416 1731 2469 Probatur
1751 2426 1802 2487 ef
1829 2434 1914 2481 ea,
1937 2427 2039 2469 etc.
2069 2412 2133 2469 Id
2159 2414 2301 2468 acci-

177 2488 302 2545 Vide
342 2510 530 2547 vocem
569 2494 953 2562 πσιραλιθάζουσι
994 2495 1052 2548 in
1098 2492 1181 2549 di·
1268 2494 1398 2549 dere
1440 2494 1622 2566 glandi
1660 2495 1820 2549 maris
1855 2494 2016 2565 Fagi.
2055 2506 2110 2548 et
2151 2493 2299 2548 Hali·

178 2570 325 2627 ction-
348 2572 708 2627 Constantini.
738 2575 941 2627 Dante.

1268 2575 1436 2647 phloei
1453 2612 1470 2639 ,
1513 2574 1677 2630 tradit
1725 2574 2159 2645 Theophrastus,

2205 2572 2300 2629 aed

249 2670 269 2704 ι
287 2669 331 2705 t.
370 2650 532 2707 Gtam
556 2654 737 2722 optima
764 2656 815 2705 in
840 2674 1045 2724 quercu,
1074 2668 1177 2709 etc.
1266 2652 1512 2726 glandem
1539 2673 1647 2709 non
1669 2651 2067 2710 commendare.
2099 2656 2238 2707 Du..

178 2730 471 2786 Duldssima
502 2732 563 2785 iu
596 2732 737 2803 Fa‘go
758 2744 917 2805 atque
942 2733 1183 2805 grandis·
1208 2794 1213 2803 ¹

176 2810 319 2878 aima,
346 2830 472 2865 mox
502 2811 816 2879 Hemeridi;
856 2833 983 2867 nam
1008 2814 1183 2869 latifo-

176 2888 246 2945 lia
264 2909 457 2963 parva,
484 2890 655 2945 Certo
676 2893 1015 2947 amarissima.
1045 2895 1183 2949 Du..

250 2989 269 3022 1
280 2993 331 3027 a.
354 2970 507 3025 cmo
524 2974 689 3025 tristis.
705 2973 947 3039 Quercus
964 2986 1045 3028 est
1060 2992 1185 3045 pro-

175 3068 279 3103 cera
296 3090 313 3117 ,
348 3049 541 3121 glande
564 3054 765 3124 majore
780 3092 796 3117 ,
829 3053 1009 3123 calyce
1035 3054 1179 3107 echi-

174 3142 301 3185 nato.
324 3134 373 3183 A
400 3130 676 3185 Dodonae
694 3144 841 3186 recte
856 3130 1182 3205 depingitur,

174 3226 283 3281 pag.
306 3213 453 3280 819,
492 3212 701 3283 qualem
732 3212 791 3265 in
831 3212 1003 3267 Horto
1028 3214 1179 3283 regio

175 3288 437 3344 vidimus:
474 3290 569 3345 sed
606 3292 653 3345 is
682 3292 961 3363 aegilopem
988 3312 1183 3364 perpe·

174 3386 277 3423 ram
299 3383 466 3423 vocat.
498 3371 681 3425 Hian.
684 3373 987 3443 -Quercus
1020 3374 1183 3429 Carris

175 3442 301 3519 (gen.
324 3468 489 3515 2101,
511 3448 699 3517 Pers..)
724 3452 829 3505 Eu.

158 3586 171 3593 ‚
250 3548 269 3583 ι
282 3528 331 3582 3.
364 3528 789 3603 Latyblioe.1·'agi
820 3531 1177 3603 Theophrast.

175 3608 361 3664 niue.
408 3640 491 3652 -—-
532 3610 741 3677 Latffola‘
722 3633 800 3665 ιω.
832 3615 1177 3683 mummium

174 3686 525 3761 Theophrasto
558 3692 863 3763 appellata,
906 3690 1043 3746 Hist.
1082 3693 1179 3747 lib.

261 3788 415 3840 ‚.rap
466 3792 533 3840 9,
582 3788 613 3823 e
642 3790 933 3844 quercuum
966 3791 1179 3842 genere.

174 3845 231 3898 In
280 3848 697 3923 Andegavorum
748 3870 875 3923 agro
918 3866 1179 3923 perpetuo

172 3924 311 3984 'iret-
352 3929 422 3983 Η.
462 3958 543 3973 ·-
594 3932 810 3999 Quercus
850 3932 901 3985 Τ
896 3935 1182 4002 ourneform

172 3994 301 4077 (1²¹¹-
327 4008 840 4075 2101,Pers.).En.

248 4092 331 4153 14.
382 4090 589 4143 Diuum
654 4094 779 4145 inter
848 4112 915 4145 se.
968 4092 1177 4164 Nempe

1359 2738 1445 2789 ιδ.
1470 2736 1560 2789 Ea:
1585 2735 1905 2805 longitudine.
1929 2735 2043 2787 Ima
2067 2752 2301 2787 summa-

1272 2834 1378 2888 que
1418 2827 1574 2885 parte
1603 2817 1751 2888 glans
1793 2812 2027 2869 durescit
2063 2812 2120 2867 in
2163 2814 2298 2886 lapi·

1274 2894 1431 2949 dem:
1456 2896 1871 2968 Πιραλιθάζουσιν
1897 2896 1944 2948 ἂν
1973 2897 2074 2955 τοῖς
2104 2894 2296 2965 ἄῤῥισιν

1270 2978 1588 3046 καλουμένοις
1607 3019 1624 3047 ,
1665 2977 1717 3040 (ξ
1739 2976 1896 3048 dapem
1933 2981 2032 3028 τῶν
2067 2975 2294 3040 βαλάνων

1270 3056 1564 3128 ίκατέρωθιν
1583 3094 1602 3121 ,
1627 3058 1679 3109 αἱ
1713 3055 1803 3127 μὲν
1830 3056 1949 3127 πρὸς
1979 3062 2052 3125 τῷ
2077 3056 2298 3125 nimiost,

1272 3138 1324 3189 αἱ
1348 3132 1409 3190 δὲ
1437 3138 1558 3206 πρὸς
1583 3138 1711 3206 αὐτῇ
1735 3139 1799 3203 τῇ
1831 3135 1994 3208 σαρκί.
2017 3134 2296 3206 Theophr.

1270 3214 1307 3269 l.
1332 3235 1381 3270 c.
1408 3214 1592 3270 Haan.

1358 3314 1448 3365 ¹7·
1481 3294 1762 3367 lapidescit
1797 3294 1998 3347 duritia.
2045 3294 2207 3347 Nunc
2237 3294 2292 3347 in

1268 3386 1423 3439 cute,
1448 3393 1596 3430 nunc
1627 3374 1687 3429 in
1712 3392 1889 3428 carne·
1932 3372 2293 3443 Theophraat.

1355 3455 1445 3510 18.
1488 3455 1624 3508 Aliis
1662 3454 1889 3508 rotunda.
1917 3454 1995 3508 Ut
2019 3452 2246 3525 quercui
2275 3470 2290 3505 ε

1268 3536 1416 3606 φηγὸς
1441 3536 1535 3597 τὰς
1555 3533 2130 3607 ςρογγύλας.ΤΙιεορ1υ-.
2154 3530 2291 3586 nist.

1268 3613 1363 3668 lib.
1392 3614 1508 3678 ΙΙΙ,
1537 3634 1652 3685 cap.
1679 3633 1764 3669 ιο.
1787 3615 1970 3668 Han.

1356 3713 1443 3764 19.
1476 3695 1610 3764 Quin
1645 3705 1694 3746 et
1727 3692 1957 3764 pediculi.
1993 3693 2118 3758 Quo
2145 3693 2294 3764 glans

1268 3773 1446 3828 arbori
1466 3773 1792 3828 adher-escit.
1809 3771 1992 3827 Han.

1351 3872 1435 3908 πο.
1462 3854 1686 3907 Hemere's
1707 3866 1930 3906 vocatur.
1956 3842 2138 3923 Ημιρὶς
2153 3890 2169 3915 ,
2211 3852 2290 3904 la-

1267 3932 1380 3987 tine
1420 3934 1631 3989 esculus
1664 3932 1950 4005 appellata,
1977 3952 2007 3987 a
2033 3932 2292 3987 suavitate

1266 4012 1499 4085 glandis,
1525 4027 1586 4069 ut
1610 4013 1840 4070 diximus
1865 4032 1986 4085 cap.
2015 4016 2083 4077 63
2129 4028 2288 4082 quam

1266 4094 1568 4152 breviorem
1623 4112 1828 4166 quercu
1869 4111 2038 4167 quum
2087 4090 2291 4145 Plinius
