2984 5009
995 468 1311 537 LIBER
1376 470 1587 537 xvl.
2223 466 2368 540 6¹3

216 613 476 683 tarum,
510 596 671 666 utile
702 621 717 665 :
754 611 869 665 aut
903 598 957 666 si
992 598 1151 692 quid
1197 598 1618 670 cuneandum
1647 598 1696 625 ²⁰
1743 602 1827 669 sit
1856 602 1925 668 in
1965 600 2146 695 liguo
2171 655 2190 688 ‚
2236 601 2368 672 cla·

218 706 403 773 visve
424 702 802 799 figendum,
822 728 947 773 ceu
966 702 1219 776 ferreis.
1250 705 1396 775 Ilex
1422 709 1608 793 item,
1636 721 1704 776 et
1724 705 2010 777 oleaster
2021 708 2096 795 ²¹,
2115 722 2185 778 et
2200 706 2371 796 olea,

215 824 419 905 atque
454 824 761 881 castanea
782 865 803 899 ‚
824 813 1175 906 carpinus,
1208 812 1516 908 populus.
1547 816 1710 883 Haec
1747 828 1816 883 et
1847 814 2106 909 crispa¹
2109 815 2372 886 'aceris

217 916 467 1005 modo,
514 918 570 987 si
610 916 747 987 ulla
785 919 1095 989 materies
1131 919 1373 989 idonea
1411 909 1650 990 esset-’²'
1687 921 1893 989 ramis
1943 946 2116 1016 saepe
2150 920 2370 1059 depu-

220 1026 421 1093 tatis:
456 1026 768 1095 castratio
792 1023 903 1093 illa
934 1039 1069 1113 est,
1110 1026 1473 1121 adimitque
1513 1028 1708 1097 vires.
1738 1030 1844 1097 De
1879 1025 2162 1097 caetero²
2165 1014 2446 1123 “ple-9

218 1131 443 1225 risque
493 1156 772 1218 eorum,
836 1130 952 1201 sed
1002 1132 1229 1227 utique
1272 1133 1536 1219 robori,
1577 1148 1764 1203 tanta
1814 1132 2059 1203 duritia
2099 1148 2239 1221 est,
2299 1150 2375 1204 ut

218 1238 544 1307 terebrari
596 1238 722 1307 nisi
766 1237 1212 1309 madefactum
1252 1264 1389 1309 non
1433 1253 1674 1335 queat,
1723 1252 1792 1309 et
1837 1266 1924 1309 ne
1969 1241 2062 1311 sic
2105 1239 2373 1336 quidem

220 1343 499 1414 adactus
540 1343 733 1413 avelli
758 1344 1009 1415 clavus.
1044 1348 1103 1415 E
1130 1346 1395 1416 diverso
1424 1346 1690 1416 clavum
1729 1372 1868 1416 non
1897 1361 2080 1416 tenet
2110 1346 2371 1417 cedrus.

220 1440 683 1521 Mollissima²⁵
730 1450 919 1537 tilia3
967 1451 1199 1521 eadem
1243 1451 1510 1522 videtur
1553 1466 1622 1522 et
1668 1452 2064 1523 calidissima
2098 1480 2114 1523 :
2168 1478 2375 1549 argu-

221 1572 529 1627 mentum
556 1557 851 1627 afferunt
870 1611 889 1645 ,
915 1558 1097 1653 quod
1120 1560 1431 1630 citissime
1461 1560 1670 1629 ascias
1699 1550 2089 1630 retundat'⁶.
2127 1558 2376 1631 calidae

222 1678 292 1733 et
340 1689 571 1734 morus
597 1666 669 1754 ²⁷,
722 1662 949 1735 laurus
977 1718 998 1752 ‚
1041 1665 1277 1754 edera,
1314 1680 1381 1735 et
1425 1691 1659 1737 omnes
1709 1693 1748 1735 e
1804 1667 2048 1762 quibus
2102 1666 2378 1762 igniaria

220 1769 415 1841 fiunt.

333 1879 685 1947 LXXVII.
748 1876 1270 1974 Exploratorum
1322 1879 1456 1950 hoc
1500 1904 1658 1949 usus
1716 1882 1784 1948 in
1831 1880 2098 1963 castris,
2154 1894 2375 1975 pasto·
2421 1910 2442 1943 1

224 2008 511 2079 rumque
564 1985 813 2079 reperit
832 2036 853 2069 ‚
910 1988 1223 2080 quoniam
1286 1985 1371 2054 ad
1435 1984 1902 2060 excudendum
1958 1987 2182 2079 ignem
2241 2010 2380 2056 non

222 2196 343 2259 IX,
374 2212 511 2249 vers.
562 2197 677 2264 690
695 2212 711 2247 ι
728 2216 751 2240 ι
768 2196 933 2250 Volat
972 2196 1105 2250 Itala
1134 2214 1256 2251 eor-

221 2293 347 2329 nus.
370 2300 395 2321 ι
430 2274 619 2329 Han.

312 2372 405 2407 ao.
440 2352 499 2406 Sa·
523 2354 644 2427 quid
665 2354 979 2409 cuneandum.
1025 2354 1083 2409 si
1118 2353 1256 2427 quid

224 2432 547 2488 studendum
570 2452 741 2488 cuneo
762 2452 777 2487 ε
799 2434 845 2488 is
864 2434 1009 2488 enim
1033 2454 1065 2487 e
1088 2454 1257 2488 corno

224 2514 349 2568 fleri
380 2526 503 2585 apte
530 2526 585 2568 et
612 2514 815 2567 utiliter
834 2527 1027 2585 potent.
1052 2514 1258 2569 Cuneu-

224 2613 315 2659 ιο,
338 2606 417 2647 est
442 2612 503 2646 ea
530 2612 649 2667 que
669 2606 859 2651 natura
886 2596 1068 2667 juncta
1096 2607 1222 2648 sunt
1242 2635 1257 2660 ,

225 2693 331 2746 per
354 2675 469 2727 vim
494 2672 789 2728 distrahere
804 2714 821 2741 ,
852 2688 913 2728 ut
937 2675 1009 2728 ait
1032 2674 1257 2741 Quinti-

226 2755 433 2817 lianus,
459 2754 555 2807 lib.
588 2754 690 2819 IV,
716 2772 837 2826 cap.
872 2754 927 2808 3.
954 2754 1023 2808 Et
1041 2773 1072 2807 e
1092 2774 1260 2808 corno

226 2832 371 2888 clavi
413 2833 581 2897 flunt,
630 2834 727 2904 qui
768 2835 1068 2887 ferreorum
1109 2833 1261 2889 duri-

228 2914 361 2969 tiem
383 2925 781 2985 reproeseutent.
822 2916 1005 2967 Hnn.

318 3014 350 3048 2
366 3012 415 3048 1.
441 2994 547 3046 Ile-‘e
576 2998 687 3045 item
702 3030 718 3057 ,
747 3007 798 3045 et
814 2994 1037 3061 oleaster,
1058 3006 1111 3046 et
1126 2994 1261 3061 olea,

227 3086 339 3146 etc.
380 3072 735 3144 stenphi-net.
774 3074 974 3128 Hister.
1012 3073 1107 3128 lib.
1150 3075 1260 3140 ΠΙ,

231 3172 355 3226 ap.
390 3173 477 3207 ω.
502 3153 683 3207 Han.

323 3254 353 3287 2
366 3252 415 3295 a.
434 3232 563 3285 Hoec
572 3245 623 3285 et
645 3236 820 3303 crispa.
836 3234 1005 3305 Supra
1026 3252 1142 3303 cap.
1166 3234 1197 3286 ⁵
1210 3248 1259 3285 1.

240 3340 267 3361 ι
288 3314 539 3379 Quorum
559 3313 731 3384 erispa
748 3315 994 3367 materies
1006 3354 1022 3377 ,
1046 3326 1107 3366 ut
1126 3330 1265 3382 noer,

232 3394 419 3465 palma
436 3426 453 3455 ‚
502 3393 757 3465 populus.
785 3418 809 3441 ι
854 3392 943 3446 Au
978 3393 1263 3463 utrobique

232 3472 415 3545 opulus
434 3472 719 3544 legendum
732 3510 750 3540 ‚
766 3474 851 3545 cuj
858 3492 917 3525 us
930 3472 1133 3527 arboris
1150 3490 1261 3525 me·

234 3550 397 3607 minit
428 3550 726 3605 Columella
758 3552 988 3623 passim?
1010 3553 1201 3606 Ilum.

324 3630 419 3685 23.
447 3632 629 3685 Idonea
658 3644 794 3685 esset.
828 3632 1100 3704 Operibus
1128 3632 1264 3685 inte*

235 3712 427 3765 stiuis:
452 3712 497 3763 si
533 3712 671 3765 rami
698 3730 837 3783 saepe
878 3710 1269 3783 deputarentur

238 3792 298 3844 in
344 3791 537 3844 arbore
560 3810 575 3844 ε
598 3790 693 3845 sed
732 3792 975 3845 castratio
1022 3792 1111 3844 ina
1154 3803 1235 3844 est
1250 3830 1267 3855 ‚

238 3888 365 3942 quo
391 3869 537 3941 ligno
566 3871 869 3925 firmitatem
908 3870 1270 3943 duritiemque

236 3948 451 4005 adimit.
488 3951 669 4005 Hmn.

330 4036 427 4093 ²4·
457 4031 535 4082 De
550 4044 738 4085 coetero.
758 4030 1110 4101 Theophrast.
1134 4031 1269 4085 nist.

242 4108 433 4176 lib.V‚
475 4129 595 4181 cap.
641 4115 710 4174 4:
754 4112 1074 4181 Σκληρότατα
1112 4108 1175 4163 δὲ
1205 4110 1272 4163 τὰ

1344 2192 1566 2267 ἇρὺἵνα..
1584 2237 1599 2249 .
1627 2197 1712 2250 καὶ
1743 2196 1836 2267 γὰρ
1867 2194 2378 2267 δποθρέχουσιταῦτόι

1344 2274 1464 2347 πρὸς
1488 2278 1577 2333 τὴν
1593 2278 1831 2347 τρύπησιν
1851 2275 2109 2347 μαλάξιως
2125 2276 2285 2346 χάριν.
2305 2276 2378 2328 Η.

1432 2354 1525 2409 25.
1546 2353 2154 2426 Mollissima.'Theoph1-.
2175 2358 2212 2408 l.
2234 2373 2283 2409 c.
2301 2368 2381 2413 to·

1346 2434 1514 2489 tidem
1543 2435 1738 2488 verbis.
1763 2433 1950 2489 Han.

1430 2517 1524 2567 26.
1550 2515 1730 2568 Ascias
1757 2514 2001 2568 retundat.
2025 2512 2238 2567 Indicio
2263 2527 2341 2567 est
2357 2554 2378 2581 ,

1344 2594 1552 2665 iuquit,
1582 2593 1730 2666 quod
1749 2594 1876 2647 ferri
1901 2594 2070 2647 aciem
2093 2593 2378 2647 vehemen-

1348 2686 1429 2727 ter
1446 2674 1689 2741 hebetet,
1713 2686 1768 2728 et
1781 2675 1958 2729 calore
1979 2690 2076 2726 suo
2093 2672 2375 2726 obtundat.

1347 2753 1504 2808 Auzia
1545 2753 1776 2808 fen-eum
1815 2754 2230 2806 instrumentum
2270 2765 2380 2818 est,

1348 2852 1462 2905 quo
1489 2834 1708 2887 fabrica
1735 2833 1968 2887 materia
2007 2830 2377 2904 pei-dolantur.

1358 2914 1465 2967 Une
1484 2914 1682 2968 doluit-e.
1715 2911 1895 2965 Hmn.

1433 3008 1526 3065 ²7·
1553 2994 1775 3059 Calidae,
1801 3005 1850 3044 et
1869 3012 2060 3059 morus,
2079 3003 2182 3046 etc.
2197 2992 2383 3045 Thoo-

1348 3074 1551 3143 phrast.
1571 3075 1608 3127 1.
1633 3092 1680 3128 c.
1704 3074 1773 3126 Et
1797 3071 1866 3125 de
1889 3073 2078 3139 lauro,
2130 3072 2378 3144 Porphy-

1349 3151 1462 3205 rius
1487 3171 1738 3224 quoque,
1777 3150 1924 3223 apud
1961 3152 2154 3204 EuseB.
2202 3152 2376 3222 Praep.

1348 3231 1443 3284 lib.
1461 3232 1574 3301 m,
1595 3249 1715 3303 pag.
1739 3249 1762 3283 1
1781 3250 1802 3283 1
1819 3248 1878 3282 2:
1905 3220 1999 3284 ὁτι
2028 3234 2176 3301 πυρὸς
2199 3237 2376 3302 πλῆρες

1351 3313 1408 3365 τὸ
1434 3313 1615 3382 φυτὸν,
1637 3324 1735 3364 etc.
1760 3310 2007 3381 Denique
2023 3310 2216 3363 Seneca
2231 3311 2376 3363 Natt.

1350 3392 1550 3457 Quaest.
1581 3390 1678 3444 lib.
1716 3391 1807 3456 11,
1836 3407 1950 3461 cap.
1993 3409 2094 3454 υ,
2126 3408 2181 3460 p.
2215 3388 2323 3442 852
2360 3408 2373 3439 ε

1352 3495 1374 3516 ι
1398 3471 1627 3523 Duobus
1646 3468 1851 3535 modis,
1879 3469 2055 3541 inquit
2071 3507 2087 3534 ,
2111 3466 2256 3540 apud
2277 3487 2378 3521 nos

1354 3552 1417 3604 fit
1445 3550 1583 3621 iguis
1617 3568 1630 3602 τ
1661 3568 1804 3614 uno,
1833 3548 1880 3601 si
1920 3549 2203 3615 excitatur,
2243 3548 2379 3601 sicut

1354 3650 1419 3684 ex
1446 3627 1624 3702 lapide
1653 3648 1902 3700 percusso
1938 3646 1952 3680 τ
1991 3629 2193 3693 altero,
2228 3626 2271 3681 si
2299 3641 2376 3682 at-

1354 3710 1484 3763 tritu
1529 3710 1828 3774 invenitur,
1868 3702 2008 3761 sieut
2061 3724 2226 3779 quum
2267 3706 2376 3760 duo

1355 3791 1500 3861 ligna
1545 3790 1686 3842 iuter
1713 3808 1770 3841 se
1811 3786 2013 3841 diutius
2060 3787 2182 3840 trita
2231 3799 2377 3839 sunt.

1357 3872 1482 3923 Nou
1511 3869 1686 3921 omnis
1721 3868 1828 3921 hoc
1861 3868 1960 3922 tibi
1995 3867 2214 3919 materia
2239 3884 2374 3937 prae·

1358 3949 1549 4010 stabit,
1587 3948 1678 4001 sed
1705 3947 1897 4001 idonee
1929 3945 2201 3999 eliciendis
2239 3946 2396 4017 igni-—

1360 4030 1462 4083 bus
1482 4047 1497 4081 ε
1517 4028 1652 4081 sicut
1663 4030 1873 4093 laurus,
1900 4026 2102 4091 ederae,
2126 4039 2179 4079 et
2199 4028 2299 4079 alia
2322 4026 2380 4079 in

1361 4110 1508 4163 hunc
1537 4126 1695 4162 usum
1721 4121 1844 4162 uota
1873 4106 2187 4181 pastoribus.
2209 4132 2230 4152 ι
2264 4106 2332 4160 H.

1981 4201 2120 4309 39³
