<?xml version="1.0" encoding="UTF-8"?>
<!DOCTYPE html PUBLIC "-//W3C//DTD XHTML 1.0 Transitional//EN"
    "http://www.w3.org/TR/xhtml1/DTD/xhtml1-transitional.dtd">
<html xmlns="http://www.w3.org/1999/xhtml" xml:lang="en" lang="en">
 <head>
  <title>
</title>
<meta http-equiv="Content-Type" content="text/html;charset=utf-8" />
  <meta name='ocr-system' content='tesseract 3.04.00' />
  <meta name='ocr-capabilities' content='ocr_page ocr_carea ocr_par ocr_line ocrx_word'/>
</head>
<body>
  <div class='ocr_page' id='page_1' title='image "./caiipliniisecun07plingoog_0018.png"; bbox 0 0 2984 5009; ppageno 0'>
   <div class='ocr_carea' id='block_1_1' title="bbox 612 410 2135 585">
    <p class='ocr_par' dir='ltr' id='par_1_1' title="bbox 612 410 2135 585">
     <span class='ocr_line' id='line_1_1' title="bbox 612 410 2135 585; baseline -0.001 -4"><span class='ocrx_word' id='word_1_1' title='bbox 612 474 723 581; x_wconf 87' lang='lat' dir='ltr'><strong>C.</strong></span> <span class='ocrx_word' id='word_1_2' title='bbox 795 475 1278 579; x_wconf 79' lang='lat' dir='ltr'><strong>PLINII</strong></span> <span class='ocrx_word' id='word_1_3' title='bbox 1345 476 2030 585; x_wconf 86' lang='lat' dir='ltr'><strong>SECUNDI</strong></span> <span class='ocrx_word' id='word_1_4' title='bbox 2124 410 2135 435; x_wconf 75' lang='grc'><strong><em>’</em></strong></span> 
     </span>
    </p>
   </div>
   <div class='ocr_carea' id='block_1_2' title="bbox 227 744 2391 1113">
    <p class='ocr_par' dir='ltr' id='par_1_2' title="bbox 227 744 2391 1113">
     <span class='ocr_line' id='line_1_2' title="bbox 227 744 2391 877; baseline 0.003 -7"><span class='ocrx_word' id='word_1_5' title='bbox 227 744 1320 870; x_wconf 89' lang='lat' dir='ltr'><strong>NATURALIS</strong></span> <span class='ocrx_word' id='word_1_6' title='bbox 1433 750 2391 877; x_wconf 88' lang='lat' dir='ltr'><strong>HISTORIAE</strong></span> 
     </span>
     <span class='ocr_line' id='line_1_3' title="bbox 956 1026 1679 1113; baseline 0.001 -2"><span class='ocrx_word' id='word_1_7' title='bbox 956 1026 1365 1113; x_wconf 81' lang='lat' dir='ltr'>LIBER</span> <span class='ocrx_word' id='word_1_8' title='bbox 1436 1026 1679 1113; x_wconf 83' lang='lat' dir='ltr'><strong>XII.</strong></span> 
     </span>
    </p>
   </div>
   <div class='ocr_carea' id='block_1_3' title="bbox 1301 1269 1718 1303">
    <p class='ocr_par' dir='ltr' id='par_1_3' title="bbox 1301 1269 1718 1303">
     <span class='ocr_line' id='line_1_4' title="bbox 1301 1269 1718 1303; baseline 0 3706"><span class='ocrx_word' id='word_1_9' title='bbox 1301 1269 1718 1303; x_wconf 95' lang='lat' dir='ltr'><strong> </strong></span> 
     </span>
    </p>
   </div>
   <div class='ocr_carea' id='block_1_4' title="bbox 927 1270 1300 1301">
    <p class='ocr_par' dir='ltr' id='par_1_4' title="bbox 927 1270 1300 1301">
     <span class='ocr_line' id='line_1_5' title="bbox 927 1270 1300 1301; baseline 0 3708"><span class='ocrx_word' id='word_1_10' title='bbox 927 1270 1300 1301; x_wconf 95' lang='lat' dir='ltr'><strong> </strong></span> 
     </span>
    </p>
   </div>
   <div class='ocr_carea' id='block_1_5' title="bbox 229 1427 2452 2317">
    <p class='ocr_par' dir='ltr' id='par_1_5' title="bbox 229 1427 2452 2317">
     <span class='ocr_line' id='line_1_6' title="bbox 237 1427 2452 1573; baseline 0.006 -33"><span class='ocrx_word' id='word_1_11' title='bbox 237 1427 878 1547; x_wconf 66' lang='lat' dir='ltr'><strong>LAmntALIUM</strong></span> <span class='ocrx_word' id='word_1_12' title='bbox 937 1476 1268 1561; x_wconf 88' lang='lat' dir='ltr'><strong>omnium,</strong></span> <span class='ocrx_word' id='word_1_13' title='bbox 1317 1500 1463 1569; x_wconf 81' lang='lat' dir='ltr'><strong>quae</strong></span> <span class='ocrx_word' id='word_1_14' title='bbox 1520 1478 1705 1545; x_wconf 87' lang='lat' dir='ltr'><strong>nosci</strong></span> <span class='ocrx_word' id='word_1_15' title='bbox 1754 1490 2067 1573; x_wconf 87' lang='lat' dir='ltr'><strong>potuere,</strong></span> <span class='ocrx_word' id='word_1_16' title='bbox 2134 1496 2387 1553; x_wconf 81' lang='lat' dir='ltr'><strong>naturae</strong></span> <span class='ocrx_word' id='word_1_17' title='bbox 2426 1525 2452 1559; x_wconf 67' lang='grc' dir='ltr'>ι</span> 
     </span>
     <span class='ocr_line' id='line_1_7' title="bbox 239 1581 2387 1684; baseline 0.005 -35"><span class='ocrx_word' id='word_1_18' title='bbox 239 1583 604 1675; x_wconf 80' lang='lat' dir='ltr'>generatim</span> <span class='ocrx_word' id='word_1_19' title='bbox 662 1581 1216 1675; x_wconf 82' lang='lat' dir='ltr'><strong>membratimque</strong></span> <span class='ocrx_word' id='word_1_20' title='bbox 1263 1583 1355 1650; x_wconf 86' lang='lat' dir='ltr'><strong>ita</strong></span> <span class='ocrx_word' id='word_1_21' title='bbox 1409 1608 1478 1651; x_wconf 90' lang='lat' dir='ltr'><strong>se</strong></span> <span class='ocrx_word' id='word_1_22' title='bbox 1527 1582 1794 1651; x_wconf 87' lang='lat' dir='ltr'><strong>habent.</strong></span> <span class='ocrx_word' id='word_1_23' title='bbox 1848 1586 2128 1655; x_wconf 83' lang='lat' dir='ltr'><strong>Restant</strong></span> <span class='ocrx_word' id='word_1_24' title='bbox 2171 1614 2387 1684; x_wconf 90' lang='lat' dir='ltr'><strong>neque</strong></span> 
     </span>
     <span class='ocr_line' id='line_1_8' title="bbox 239 1676 2383 1786; baseline 0.005 -33"><span class='ocrx_word' id='word_1_25' title='bbox 239 1687 368 1781; x_wconf 82' lang='lat' dir='ltr'><strong>ipsa</strong></span> <span class='ocrx_word' id='word_1_26' title='bbox 403 1689 638 1755; x_wconf 83' lang='lat' dir='ltr'><strong>anima</strong></span> <span class='ocrx_word' id='word_1_27' title='bbox 689 1689 985 1756; x_wconf 88' lang='lat' dir='ltr'><strong>carentia</strong></span> <span class='ocrx_word' id='word_1_28' title='bbox 1041 1676 1625 1783; x_wconf 88' lang='lat' dir='ltr'><strong>(quandoquidem</strong></span> <span class='ocrx_word' id='word_1_29' title='bbox 1670 1688 1835 1758; x_wconf 90' lang='lat' dir='ltr'><strong>nihil</strong></span> <span class='ocrx_word' id='word_1_30' title='bbox 1882 1692 2021 1761; x_wconf 89' lang='lat' dir='ltr'><strong>sine</strong></span> <span class='ocrx_word' id='word_1_31' title='bbox 2066 1717 2142 1761; x_wconf 88' lang='lat' dir='ltr'><strong>ea</strong></span> <span class='ocrx_word' id='word_1_32' title='bbox 2182 1688 2383 1786; x_wconf 85' lang='lat' dir='ltr'><strong>vivit)</strong></span> 
     </span>
     <span class='ocr_line' id='line_1_9' title="bbox 240 1792 2385 1881; baseline 0.005 -21"><span class='ocrx_word' id='word_1_33' title='bbox 240 1806 404 1861; x_wconf 82' lang='lat' dir='ltr'><strong>terra</strong></span> <span class='ocrx_word' id='word_1_34' title='bbox 455 1793 676 1877; x_wconf 81' lang='lat' dir='ltr'><strong>edita,</strong></span> <span class='ocrx_word' id='word_1_35' title='bbox 720 1808 796 1861; x_wconf 93' lang='lat' dir='ltr'><strong>ut</strong></span> <span class='ocrx_word' id='word_1_36' title='bbox 828 1792 983 1862; x_wconf 89' lang='lat' dir='ltr'><strong>inde</strong></span> <span class='ocrx_word' id='word_1_37' title='bbox 1025 1792 1248 1862; x_wconf 82' lang='lat' dir='ltr'><strong>eruta¹</strong></span> <span class='ocrx_word' id='word_1_38' title='bbox 1287 1792 1633 1881; x_wconf 76' lang='lat' dir='ltr'><strong>dicantur‘‚</strong></span> <span class='ocrx_word' id='word_1_39' title='bbox 1696 1819 1773 1866; x_wconf 86' lang='lat' dir='ltr'><strong>ac</strong></span> <span class='ocrx_word' id='word_1_40' title='bbox 1818 1796 2073 1867; x_wconf 90' lang='lat' dir='ltr'><strong>nullum</strong></span> <span class='ocrx_word' id='word_1_41' title='bbox 2116 1800 2385 1871; x_wconf 86' lang='lat' dir='ltr'><strong>sileatur</strong></span> 
     </span>
     <span class='ocr_line' id='line_1_10' title="bbox 233 1899 2381 1995; baseline 0.004 -28"><span class='ocrx_word' id='word_1_42' title='bbox 233 1899 504 1969; x_wconf 79' lang='lat' dir='ltr'><strong>Naturae</strong></span> <span class='ocrx_word' id='word_1_43' title='bbox 563 1924 757 1995; x_wconf 90' lang='lat' dir='ltr'><strong>opus.</strong></span> <span class='ocrx_word' id='word_1_44' title='bbox 807 1900 946 1967; x_wconf 89' lang='lat' dir='ltr'><strong>Diu</strong></span> <span class='ocrx_word' id='word_1_45' title='bbox 1003 1899 1187 1968; x_wconf 87' lang='lat' dir='ltr'><strong>fuere</strong></span> <span class='ocrx_word' id='word_1_46' title='bbox 1228 1900 1525 1971; x_wconf 83' lang='lat' dir='ltr'><strong>occulta²</strong></span> <span class='ocrx_word' id='word_1_47' title='bbox 1566 1901 1707 1995; x_wconf 86' lang='lat' dir='ltr'><strong>ejus</strong></span> <span class='ocrx_word' id='word_1_48' title='bbox 1760 1902 2079 1973; x_wconf 82' lang='lat' dir='ltr'><strong>beneficia</strong></span> <span class='ocrx_word' id='word_1_49' title='bbox 2126 1932 2141 1973; x_wconf 75' lang='grc' dir='ltr'><em>τ</em></span> <span class='ocrx_word' id='word_1_50' title='bbox 2199 1934 2381 1977; x_wconf 89' lang='lat' dir='ltr'><strong>sum-</strong></span> 
     </span>
     <span class='ocr_line' id='line_1_11' title="bbox 231 2004 2382 2105; baseline 0.004 -32"><span class='ocrx_word' id='word_1_51' title='bbox 231 2031 548 2101; x_wconf 88' lang='lat' dir='ltr'><strong>mumque</strong></span> <span class='ocrx_word' id='word_1_52' title='bbox 595 2031 841 2074; x_wconf 89' lang='lat' dir='ltr'><strong>munus</strong></span> <span class='ocrx_word' id='word_1_53' title='bbox 876 2006 1134 2074; x_wconf 90' lang='lat' dir='ltr'><strong>homini</strong></span> <span class='ocrx_word' id='word_1_54' title='bbox 1174 2004 1444 2093; x_wconf 82' lang='lat' dir='ltr'><strong>datum&#39;‚</strong></span> <span class='ocrx_word' id='word_1_55' title='bbox 1489 2008 1761 2077; x_wconf 87' lang='lat' dir='ltr'><strong>arbores</strong></span> <span class='ocrx_word' id='word_1_56' title='bbox 1802 2009 2113 2105; x_wconf 73' lang='lat' dir='ltr'><strong>silvaeque</strong></span> <span class='ocrx_word' id='word_1_57' title='bbox 2144 2012 2382 2082; x_wconf 88' lang='lat' dir='ltr'><strong>intelli·</strong></span> 
     </span>
     <span class='ocr_line' id='line_1_12' title="bbox 231 2097 2447 2215; baseline 0.004 -34"><span class='ocrx_word' id='word_1_58' title='bbox 231 2113 579 2207; x_wconf 80' lang='lat' dir='ltr'><strong>gehantur.</strong></span> <span class='ocrx_word' id='word_1_59' title='bbox 619 2097 794 2181; x_wconf 87' lang='lat' dir='ltr'><strong>Hinc</strong></span> <span class='ocrx_word' id='word_1_60' title='bbox 827 2114 1117 2207; x_wconf 90' lang='lat' dir='ltr'><strong>primum</strong></span> <span class='ocrx_word' id='word_1_61' title='bbox 1149 2100 1519 2201; x_wconf 81' lang='lat' dir='ltr'><strong>alimenta³,</strong></span> <span class='ocrx_word' id='word_1_62' title='bbox 1555 2114 1793 2215; x_wconf 84' lang='lat' dir='ltr'><strong>harum</strong></span> <span class='ocrx_word' id='word_1_63' title='bbox 1835 2115 2070 2185; x_wconf 85' lang='lat' dir='ltr'><strong>fronde</strong></span> <span class='ocrx_word' id='word_1_64' title='bbox 2114 2120 2379 2189; x_wconf 87' lang='lat' dir='ltr'><strong>mollior</strong></span> <span class='ocrx_word' id='word_1_65' title='bbox 2419 2162 2447 2196; x_wconf 76' lang='lat'>2</span> 
     </span>
     <span class='ocr_line' id='line_1_13' title="bbox 229 2203 2373 2317; baseline 0.003 -28"><span class='ocrx_word' id='word_1_66' title='bbox 229 2244 466 2314; x_wconf 84' lang='lat' dir='ltr'>specus</span> <span class='ocrx_word' id='word_1_67' title='bbox 485 2210 534 2303; x_wconf 76' lang='lat'><strong>⁴,</strong></span> <span class='ocrx_word' id='word_1_68' title='bbox 565 2218 738 2287; x_wconf 83' lang='lat' dir='ltr'><strong>libro</strong></span> <span class='ocrx_word' id='word_1_69' title='bbox 767 2203 1022 2289; x_wconf 80' lang='lat' dir='ltr'><strong>vestis.⁵.</strong></span> <span class='ocrx_word' id='word_1_70' title='bbox 1053 2221 1436 2290; x_wconf 85' lang='lat' dir='ltr'><strong>Etiamnum</strong></span> <span class='ocrx_word' id='word_1_71' title='bbox 1485 2208 1755 2313; x_wconf 77' lang='lat' dir='ltr'><strong>gentes⁶</strong></span> <span class='ocrx_word' id='word_1_72' title='bbox 1786 2222 1879 2289; x_wconf 88' lang='lat' dir='ltr'><strong>sic</strong></span> <span class='ocrx_word' id='word_1_73' title='bbox 1914 2222 2183 2317; x_wconf 87' lang='lat' dir='ltr'><strong>degunt.</strong></span> <span class='ocrx_word' id='word_1_74' title='bbox 2216 2228 2373 2315; x_wconf 88' lang='lat' dir='ltr'><strong>Quo</strong></span> 
     </span>
    </p>
   </div>
   <div class='ocr_carea' id='block_1_6' title="bbox 225 2400 2377 3197">
    <p class='ocr_par' dir='ltr' id='par_1_6' title="bbox 229 2400 2377 2640">
     <span class='ocr_line' id='line_1_14' title="bbox 301 2400 2377 2473; baseline 0.003 -16"><span class='ocrx_word' id='word_1_75' title='bbox 301 2406 350 2457; x_wconf 92' lang='lat'><strong>1.</strong></span> <span class='ocrx_word' id='word_1_76' title='bbox 389 2422 443 2456; x_wconf 83' lang='grc' dir='ltr'><strong>ῐ.</strong></span> <span class='ocrx_word' id='word_1_77' title='bbox 499 2402 574 2455; x_wconf 80' lang='lat' dir='ltr'><strong>Ue</strong></span> <span class='ocrx_word' id='word_1_78' title='bbox 609 2401 722 2453; x_wconf 78' lang='lat' dir='ltr'><strong>inde</strong></span> <span class='ocrx_word' id='word_1_79' title='bbox 754 2413 910 2453; x_wconf 67' lang='lat' dir='ltr'><strong>mea.</strong></span> <span class='ocrx_word' id='word_1_80' title='bbox 951 2402 1028 2455; x_wconf 91' lang='lat' dir='ltr'><strong>Ut</strong></span> <span class='ocrx_word' id='word_1_81' title='bbox 1063 2400 1258 2454; x_wconf 85' lang='lat' dir='ltr'><strong>deinde</strong></span> <span class='ocrx_word' id='word_1_82' title='bbox 1345 2403 1430 2454; x_wconf 77' lang='lat' dir='ltr'><strong>his</strong></span> <span class='ocrx_word' id='word_1_83' title='bbox 1474 2420 1657 2455; x_wconf 81' lang='lat' dir='ltr'><strong>rerum</strong></span> <span class='ocrx_word' id='word_1_84' title='bbox 1696 2402 2007 2473; x_wconf 74' lang='lat' dir='ltr'><strong>primordiis</strong></span> <span class='ocrx_word' id='word_1_85' title='bbox 2046 2408 2205 2463; x_wconf 81' lang='lat' dir='ltr'><strong>vestis</strong></span> <span class='ocrx_word' id='word_1_86' title='bbox 2250 2411 2377 2465; x_wconf 79' lang='lat' dir='ltr'><strong>snit.</strong></span> 
     </span>
     <span class='ocr_line' id='line_1_15' title="bbox 230 2480 2376 2551; baseline 0.002 -15"><span class='ocrx_word' id='word_1_87' title='bbox 230 2484 434 2537; x_wconf 75' lang='lat' dir='ltr'><strong>metalla</strong></span> <span class='ocrx_word' id='word_1_88' title='bbox 463 2480 745 2547; x_wconf 73' lang='lat' dir='ltr'><strong>die-ntur,</strong></span> <span class='ocrx_word' id='word_1_89' title='bbox 773 2498 892 2551; x_wconf 77' lang='lat' dir='ltr'><strong>quae</strong></span> <span class='ocrx_word' id='word_1_90' title='bbox 919 2492 1042 2533; x_wconf 81' lang='lat' dir='ltr'><strong>sunt</strong></span> <span class='ocrx_word' id='word_1_91' title='bbox 1061 2500 1090 2532; x_wconf 91' lang='lat' dir='ltr'><strong>e</strong></span> <span class='ocrx_word' id='word_1_92' title='bbox 1117 2492 1258 2533; x_wconf 78' lang='lat' dir='ltr'><strong>terra</strong></span> <span class='ocrx_word' id='word_1_93' title='bbox 1345 2482 1531 2534; x_wconf 64' lang='lat' dir='ltr'><strong>Han.</strong></span> <span class='ocrx_word' id='word_1_94' title='bbox 1570 2513 1651 2524; x_wconf 95' lang='lat'>—</span> <span class='ocrx_word' id='word_1_95' title='bbox 1696 2483 1811 2536; x_wconf 81' lang='lat' dir='ltr'><strong>Nee</strong></span> <span class='ocrx_word' id='word_1_96' title='bbox 1846 2503 1945 2537; x_wconf 85' lang='lat' dir='ltr'><strong>nos</strong></span> <span class='ocrx_word' id='word_1_97' title='bbox 1986 2486 2165 2539; x_wconf 85' lang='lat' dir='ltr'><strong>Plinio</strong></span> <span class='ocrx_word' id='word_1_98' title='bbox 2212 2488 2376 2547; x_wconf 80' lang='lat' dir='ltr'><strong>fidem</strong></span> 
     </span>
     <span class='ocr_line' id='line_1_16' title="bbox 229 2560 2374 2640; baseline 0.012 -42"><span class='ocrx_word' id='word_1_99' title='bbox 229 2578 392 2616; x_wconf 65' lang='lat' dir='ltr'><strong>m</strong></span> <span class='ocrx_word' id='word_1_100' title='bbox 423 2562 617 2615; x_wconf 61' lang='lat' dir='ltr'><strong>num,</strong></span> <span class='ocrx_word' id='word_1_101' title='bbox 1345 2560 1665 2630; x_wconf 75' lang='lat' dir='ltr'><strong>abrogamus</strong></span> <span class='ocrx_word' id='word_1_102' title='bbox 1690 2579 1705 2613; x_wconf 91' lang='lat'><strong>:</strong></span> <span class='ocrx_word' id='word_1_103' title='bbox 1735 2564 1933 2615; x_wconf 83' lang='lat' dir='ltr'><strong>etenim</strong></span> <span class='ocrx_word' id='word_1_104' title='bbox 1966 2564 2183 2633; x_wconf 73' lang='lat' dir='ltr'><strong>insulae,</strong></span> <span class='ocrx_word' id='word_1_105' title='bbox 2210 2586 2374 2640; x_wconf 80' lang='lat' dir='ltr'><strong>quam</strong></span> 
     </span>
    </p>

    <p class='ocr_par' dir='ltr' id='par_1_7' title="bbox 225 2638 2371 3197">
     <span class='ocr_line' id='line_1_17' title="bbox 308 2638 2371 2719; baseline -0.001 -24"><span class='ocrx_word' id='word_1_106' title='bbox 308 2662 360 2695; x_wconf 64' lang='grc' dir='ltr'><strong>ο.</strong></span> <span class='ocrx_word' id='word_1_107' title='bbox 387 2640 622 2693; x_wconf 79' lang='lat' dir='ltr'><strong>Occulta.</strong></span> <span class='ocrx_word' id='word_1_108' title='bbox 657 2638 838 2693; x_wconf 81' lang='lat' dir='ltr'><strong>Elzev.</strong></span> <span class='ocrx_word' id='word_1_109' title='bbox 859 2638 1130 2704; x_wconf 81' lang='lat' dir='ltr'><strong>occultata,</strong></span> <span class='ocrx_word' id='word_1_110' title='bbox 1147 2656 1256 2691; x_wconf 78' lang='lat' dir='ltr'><strong>ma·</strong></span> <span class='ocrx_word' id='word_1_111' title='bbox 1344 2640 1505 2709; x_wconf 82' lang='lat' dir='ltr'><strong>vulgo</strong></span> <span class='ocrx_word' id='word_1_112' title='bbox 1524 2640 1665 2691; x_wconf 60' lang='lat' dir='ltr'><strong>leaeo</strong></span> <span class='ocrx_word' id='word_1_113' title='bbox 1690 2655 1911 2703; x_wconf 78' lang='lat' dir='ltr'><strong>vocant,</strong></span> <span class='ocrx_word' id='word_1_114' title='bbox 1940 2643 2127 2699; x_wconf 83' lang='lat' dir='ltr'><strong>incolis</strong></span> <span class='ocrx_word' id='word_1_115' title='bbox 2156 2650 2371 2719; x_wconf 63' lang='lat' dir='ltr'><strong>agresti-</strong></span> 
     </span>
     <span class='ocr_line' id='line_1_18' title="bbox 228 2716 2369 2790; baseline 0.004 -16"><span class='ocrx_word' id='word_1_116' title='bbox 228 2722 414 2774; x_wconf 76' lang='lat' dir='ltr'><strong>nifesto</strong></span> <span class='ocrx_word' id='word_1_117' title='bbox 427 2736 720 2790; x_wconf 76' lang='lat' dir='ltr'><strong>operarum</strong></span> <span class='ocrx_word' id='word_1_118' title='bbox 761 2718 1253 2771; x_wconf 57' lang='lat' dir='ltr'><strong>errore—occut-</strong></span> <span class='ocrx_word' id='word_1_119' title='bbox 1331 2717 1442 2771; x_wconf 70' lang='lat' dir='ltr'><strong>hus</strong></span> <span class='ocrx_word' id='word_1_120' title='bbox 1470 2716 1647 2771; x_wconf 63' lang='lat' dir='ltr'><strong>adhuc</strong></span> <span class='ocrx_word' id='word_1_121' title='bbox 1672 2732 1725 2773; x_wconf 87' lang='lat' dir='ltr'><strong>et</strong></span> <span class='ocrx_word' id='word_1_122' title='bbox 1754 2722 2013 2776; x_wconf 74' lang='lat' dir='ltr'><strong>semiferis</strong></span> <span class='ocrx_word' id='word_1_123' title='bbox 2030 2764 2047 2789; x_wconf 91' lang='lat'>‚</span> <span class='ocrx_word' id='word_1_124' title='bbox 2069 2724 2269 2780; x_wconf 86' lang='lat' dir='ltr'><strong>librum</strong></span> <span class='ocrx_word' id='word_1_125' title='bbox 2302 2730 2369 2781; x_wconf 89' lang='lat' dir='ltr'><strong>ti·</strong></span> 
     </span>
     <span class='ocr_line' id='line_1_19' title="bbox 227 2796 2367 2879; baseline 0.005 -28"><span class='ocrx_word' id='word_1_126' title='bbox 227 2814 278 2851; x_wconf 70' lang='lat' dir='ltr'><strong>en</strong></span> <span class='ocrx_word' id='word_1_127' title='bbox 301 2804 406 2869; x_wconf 71' lang='lat' dir='ltr'><strong>ejas</strong></span> <span class='ocrx_word' id='word_1_128' title='bbox 431 2798 683 2869; x_wconf 68' lang='lat' dir='ltr'><strong>beneficia.</strong></span> <span class='ocrx_word' id='word_1_129' title='bbox 719 2796 1049 2851; x_wconf 81' lang='lat' dir='ltr'><strong>Rudioribus</strong></span> <span class='ocrx_word' id='word_1_130' title='bbox 1079 2797 1256 2851; x_wconf 88' lang='lat' dir='ltr'><strong>homi·</strong></span> <span class='ocrx_word' id='word_1_131' title='bbox 1329 2796 1424 2849; x_wconf 77' lang='lat' dir='ltr'><strong>Jiae</strong></span> <span class='ocrx_word' id='word_1_132' title='bbox 1441 2836 1456 2863; x_wconf 95' lang='lat'><strong>,</strong></span> <span class='ocrx_word' id='word_1_133' title='bbox 1481 2798 1594 2851; x_wconf 80' lang='lat' dir='ltr'><strong>sive</strong></span> <span class='ocrx_word' id='word_1_134' title='bbox 1616 2799 1927 2853; x_wconf 86' lang='lat' dir='ltr'><strong>interiorem</strong></span> <span class='ocrx_word' id='word_1_135' title='bbox 1955 2804 2161 2859; x_wconf 76' lang='lat' dir='ltr'><strong>arboris</strong></span> <span class='ocrx_word' id='word_1_136' title='bbox 2191 2808 2367 2879; x_wconf 82' lang='lat' dir='ltr'><strong>cujus-</strong></span> 
     </span>
     <span class='ocr_line' id='line_1_20' title="bbox 225 2874 2367 2953; baseline 0.004 -20"><span class='ocrx_word' id='word_1_137' title='bbox 225 2881 380 2933; x_wconf 72' lang='lat' dir='ltr'><strong>nibns</strong></span> <span class='ocrx_word' id='word_1_138' title='bbox 399 2881 765 2949; x_wconf 71' lang='lat' dir='ltr'><strong>incomperta,</strong></span> <span class='ocrx_word' id='word_1_139' title='bbox 801 2878 896 2949; x_wconf 80' lang='lat' dir='ltr'><strong>qui</strong></span> <span class='ocrx_word' id='word_1_140' title='bbox 934 2876 1029 2929; x_wconf 89' lang='lat' dir='ltr'><strong>diu</strong></span> <span class='ocrx_word' id='word_1_141' title='bbox 1055 2877 1253 2931; x_wconf 84' lang='lat' dir='ltr'><strong>summi</strong></span> <span class='ocrx_word' id='word_1_142' title='bbox 1341 2874 1464 2929; x_wconf 80' lang='lat' dir='ltr'><strong>dam</strong></span> <span class='ocrx_word' id='word_1_143' title='bbox 1508 2878 1697 2931; x_wconf 82' lang='lat' dir='ltr'><strong>similis</strong></span> <span class='ocrx_word' id='word_1_144' title='bbox 1738 2881 2020 2947; x_wconf 85' lang='lat' dir='ltr'><strong>corticem,</strong></span> <span class='ocrx_word' id='word_1_145' title='bbox 2054 2886 2219 2953; x_wconf 80' lang='lat' dir='ltr'><strong>panni</strong></span> <span class='ocrx_word' id='word_1_146' title='bbox 2250 2888 2367 2941; x_wconf 80' lang='lat' dir='ltr'><strong>vice</strong></span> 
     </span>
     <span class='ocr_line' id='line_1_21' title="bbox 226 2957 2365 3029; baseline 0.004 -18"><span class='ocrx_word' id='word_1_147' title='bbox 226 2959 462 3012; x_wconf 78' lang='lat' dir='ltr'><strong>muneris</strong></span> <span class='ocrx_word' id='word_1_148' title='bbox 507 2958 633 3010; x_wconf 80' lang='lat' dir='ltr'><strong>loeo</strong></span> <span class='ocrx_word' id='word_1_149' title='bbox 677 2957 984 3011; x_wconf 79' lang='lat' dir='ltr'><strong>habuerunt</strong></span> <span class='ocrx_word' id='word_1_150' title='bbox 1035 2957 1252 3011; x_wconf 68' lang='lat' dir='ltr'><strong>arbores</strong></span> <span class='ocrx_word' id='word_1_151' title='bbox 1339 2957 1703 3023; x_wconf 73' lang='lat' dir='ltr'><strong>intertextam,</strong></span> <span class='ocrx_word' id='word_1_152' title='bbox 1736 2978 1839 3029; x_wconf 96' lang='lat' dir='ltr'><strong>pro</strong></span> <span class='ocrx_word' id='word_1_153' title='bbox 1864 2975 2006 3015; x_wconf 81' lang='lat' dir='ltr'><strong>veste</strong></span> <span class='ocrx_word' id='word_1_154' title='bbox 2032 2964 2193 3018; x_wconf 75' lang='lat' dir='ltr'><strong>etiam</strong></span> <span class='ocrx_word' id='word_1_155' title='bbox 2218 2984 2365 3021; x_wconf 84' lang='lat' dir='ltr'><strong>nnnc</strong></span> 
     </span>
     <span class='ocr_line' id='line_1_22' title="bbox 226 3036 2366 3117; baseline 0.004 -25"><span class='ocrx_word' id='word_1_156' title='bbox 226 3054 276 3092; x_wconf 80' lang='lat' dir='ltr'><strong>et</strong></span> <span class='ocrx_word' id='word_1_157' title='bbox 301 3040 492 3098; x_wconf 70' lang='lat' dir='ltr'><strong>silvas,</strong></span> <span class='ocrx_word' id='word_1_158' title='bbox 525 3056 592 3090; x_wconf 80' lang='lat' dir='ltr'><strong>ex</strong></span> <span class='ocrx_word' id='word_1_159' title='bbox 635 3037 828 3107; x_wconf 83' lang='lat' dir='ltr'><strong>quibus</strong></span> <span class='ocrx_word' id='word_1_160' title='bbox 860 3049 1024 3089; x_wconf 80' lang='lat' dir='ltr'><strong>vestes</strong></span> <span class='ocrx_word' id='word_1_161' title='bbox 1066 3049 1118 3090; x_wconf 90' lang='lat' dir='ltr'><strong>et</strong></span> <span class='ocrx_word' id='word_1_162' title='bbox 1155 3036 1252 3088; x_wconf 78' lang='lat' dir='ltr'><strong>ali·</strong></span> <span class='ocrx_word' id='word_1_163' title='bbox 1341 3054 1452 3089; x_wconf 74' lang='lat' dir='ltr'><strong>esse</strong></span> <span class='ocrx_word' id='word_1_164' title='bbox 1478 3049 1699 3091; x_wconf 75' lang='lat' dir='ltr'><strong>testatur</strong></span> <span class='ocrx_word' id='word_1_165' title='bbox 1724 3040 2101 3107; x_wconf 67' lang='lat' dir='ltr'><strong>Ennoea-2011,</strong></span> <span class='ocrx_word' id='word_1_166' title='bbox 2144 3046 2273 3117; x_wconf 74' lang='lat' dir='ltr'><strong>Vqr.</strong></span> <span class='ocrx_word' id='word_1_167' title='bbox 2305 3047 2366 3099; x_wconf 77' lang='lat' dir='ltr'><strong>de</strong></span> 
     </span>
     <span class='ocr_line' id='line_1_23' title="bbox 225 3114 2364 3197; baseline 0.002 -26"><span class='ocrx_word' id='word_1_168' title='bbox 225 3133 396 3171; x_wconf 75' lang='lat' dir='ltr'><strong>menta</strong></span> <span class='ocrx_word' id='word_1_169' title='bbox 423 3118 795 3188; x_wconf 68' lang='lat' dir='ltr'><strong>suppetebant.</strong></span> <span class='ocrx_word' id='word_1_170' title='bbox 819 3114 946 3169; x_wconf 80' lang='lat' dir='ltr'><strong>vid.</strong></span> <span class='ocrx_word' id='word_1_171' title='bbox 971 3127 1109 3169; x_wconf 88' lang='lat' dir='ltr'><strong>nott.</strong></span> <span class='ocrx_word' id='word_1_172' title='bbox 1139 3116 1169 3170; x_wconf 86' lang='lat'><strong>5</strong></span> <span class='ocrx_word' id='word_1_173' title='bbox 1199 3130 1255 3169; x_wconf 88' lang='lat' dir='ltr'><strong>et</strong></span> <span class='ocrx_word' id='word_1_174' title='bbox 1339 3116 1637 3171; x_wconf 68' lang='lat' dir='ltr'><strong>ddcouoertes</strong></span> <span class='ocrx_word' id='word_1_175' title='bbox 1691 3118 1815 3171; x_wconf 80' lang='lat' dir='ltr'><strong>daus</strong></span> <span class='ocrx_word' id='word_1_176' title='bbox 1861 3120 2077 3175; x_wconf 73' lang='lat' dir='ltr'><strong>l’Oce&#39;an</strong></span> <span class='ocrx_word' id='word_1_177' title='bbox 2122 3124 2364 3197; x_wconf 67' lang='lat' dir='ltr'><strong>pacaefiquo</strong></span> 
     </span>
    </p>
   </div>
   <div class='ocr_carea' id='block_1_7' title="bbox 223 3194 2363 3431">
    <p class='ocr_par' dir='ltr' id='par_1_8' title="bbox 223 3194 2363 3431">
     <span class='ocr_line' id='line_1_24' title="bbox 227 3194 2039 3267; baseline 0.002 -16"><span class='ocrx_word' id='word_1_178' title='bbox 227 3203 260 3251; x_wconf 79' lang='lat'><strong>6</strong></span> <span class='ocrx_word' id='word_1_179' title='bbox 285 3200 450 3251; x_wconf 72' lang='lat' dir='ltr'><strong>infra.</strong></span> <span class='ocrx_word' id='word_1_180' title='bbox 483 3198 590 3249; x_wconf 78' lang='lat' dir='ltr'><strong>En.</strong></span> <span class='ocrx_word' id='word_1_181' title='bbox 1343 3194 1533 3265; x_wconf 68' lang='lat' dir='ltr'><strong>bardal,</strong></span> <span class='ocrx_word' id='word_1_182' title='bbox 1574 3198 1903 3267; x_wconf 80' lang='lat'><strong>1795—98.</strong></span> <span class='ocrx_word' id='word_1_183' title='bbox 1932 3201 2039 3253; x_wconf 84' lang='lat' dir='ltr'><strong>En.</strong></span> 
     </span>
     <span class='ocr_line' id='line_1_25' title="bbox 307 3272 2361 3347; baseline 0.003 -15"><span class='ocrx_word' id='word_1_184' title='bbox 307 3280 362 3333; x_wconf 82' lang='lat'><strong>3.</strong></span> <span class='ocrx_word' id='word_1_185' title='bbox 377 3278 652 3331; x_wconf 73' lang='lat' dir='ltr'><strong>Alimenta.</strong></span> <span class='ocrx_word' id='word_1_186' title='bbox 669 3275 756 3329; x_wconf 90' lang='lat' dir='ltr'><strong>Sic</strong></span> <span class='ocrx_word' id='word_1_187' title='bbox 777 3273 960 3330; x_wconf 84' lang='lat' dir='ltr'><strong>chiffl.</strong></span> <span class='ocrx_word' id='word_1_188' title='bbox 983 3272 1102 3327; x_wconf 84' lang='lat' dir='ltr'><strong>cod.</strong></span> <span class='ocrx_word' id='word_1_189' title='bbox 1123 3274 1249 3327; x_wconf 85' lang='lat' dir='ltr'><strong>Lib.</strong></span> <span class='ocrx_word' id='word_1_190' title='bbox 1427 3279 1480 3329; x_wconf 92' lang='lat'><strong>6.</strong></span> <span class='ocrx_word' id='word_1_191' title='bbox 1508 3278 1788 3329; x_wconf 71' lang='lat' dir='ltr'><strong>Etiamnum</strong></span> <span class='ocrx_word' id='word_1_192' title='bbox 1801 3292 1983 3347; x_wconf 72' lang='lat' dir='ltr'><strong>gentes.</strong></span> <span class='ocrx_word' id='word_1_193' title='bbox 2000 3280 2087 3335; x_wconf 80' lang='lat' dir='ltr'><strong>Ad</strong></span> <span class='ocrx_word' id='word_1_194' title='bbox 2098 3281 2361 3339; x_wconf 70' lang='lat' dir='ltr'><strong>rationem</strong></span> 
     </span>
     <span class='ocr_line' id='line_1_26' title="bbox 223 3354 2363 3431; baseline 0.003 -20"><span class='ocrx_word' id='word_1_195' title='bbox 223 3372 346 3411; x_wconf 69' lang='lat' dir='ltr'><strong>nte</strong></span> <span class='ocrx_word' id='word_1_196' title='bbox 365 3355 538 3411; x_wconf 74' lang='lat' dir='ltr'><strong>nard.</strong></span> <span class='ocrx_word' id='word_1_197' title='bbox 559 3354 704 3421; x_wconf 84' lang='lat' dir='ltr'><strong>editi,</strong></span> <span class='ocrx_word' id='word_1_198' title='bbox 719 3356 1009 3407; x_wconf 76' lang='lat' dir='ltr'><strong>alimentum.</strong></span> <span class='ocrx_word' id='word_1_199' title='bbox 1025 3355 1129 3407; x_wconf 82' lang='lat' dir='ltr'><strong>En.</strong></span> <span class='ocrx_word' id='word_1_200' title='bbox 1343 3356 1573 3409; x_wconf 70' lang='lat' dir='ltr'><strong>maxime</strong></span> <span class='ocrx_word' id='word_1_201' title='bbox 1602 3356 1796 3411; x_wconf 62' lang='lat' dir='ltr'><strong>adium</strong></span> <span class='ocrx_word' id='word_1_202' title='bbox 1833 3358 1923 3412; x_wconf 83' lang='lat' dir='ltr'><strong>hic</strong></span> <span class='ocrx_word' id='word_1_203' title='bbox 1960 3361 2199 3431; x_wconf 73' lang='lat' dir='ltr'><strong>gentium</strong></span> <span class='ocrx_word' id='word_1_204' title='bbox 2244 3380 2363 3419; x_wconf 80' lang='lat' dir='ltr'><strong>mos</strong></span> 
     </span>
    </p>
   </div>
   <div class='ocr_carea' id='block_1_8' title="bbox 217 3433 2365 4150">
    <p class='ocr_par' dir='ltr' id='par_1_9' title="bbox 223 3433 2361 3985">
     <span class='ocr_line' id='line_1_27' title="bbox 303 3433 2359 3506; baseline 0.003 -16"><span class='ocrx_word' id='word_1_205' title='bbox 303 3446 360 3501; x_wconf 71' lang='grc'><strong>4.</strong></span> <span class='ocrx_word' id='word_1_206' title='bbox 389 3437 600 3490; x_wconf 69' lang='lat' dir='ltr'><strong>Mollior</strong></span> <span class='ocrx_word' id='word_1_207' title='bbox 629 3454 810 3506; x_wconf 76' lang='lat' dir='ltr'><strong>specus.</strong></span> <span class='ocrx_word' id='word_1_208' title='bbox 849 3434 992 3487; x_wconf 87' lang='lat' dir='ltr'><strong>Tnm</strong></span> <span class='ocrx_word' id='word_1_209' title='bbox 1019 3433 1250 3497; x_wconf 80' lang='lat' dir='ltr'><strong>seilicet,</strong></span> <span class='ocrx_word' id='word_1_210' title='bbox 1324 3448 1555 3506; x_wconf 65' lang='lat' dir='ltr'><strong>spectat.</strong></span> <span class='ocrx_word' id='word_1_211' title='bbox 1592 3436 1834 3491; x_wconf 76' lang='lat' dir='ltr'><strong>Eximius</strong></span> <span class='ocrx_word' id='word_1_212' title='bbox 1880 3451 1959 3491; x_wconf 83' lang='lat' dir='ltr'><strong>est</strong></span> <span class='ocrx_word' id='word_1_213' title='bbox 1994 3441 2233 3495; x_wconf 84' lang='lat' dir='ltr'><strong>Vitruvii</strong></span> <span class='ocrx_word' id='word_1_214' title='bbox 2276 3442 2359 3497; x_wconf 88' lang='lat' dir='ltr'><strong>lo-</strong></span> 
     </span>
     <span class='ocr_line' id='line_1_28' title="bbox 225 3514 2358 3588; baseline 0.002 -18"><span class='ocrx_word' id='word_1_215' title='bbox 225 3519 302 3570; x_wconf 76' lang='lat' dir='ltr'><strong>mi</strong></span> <span class='ocrx_word' id='word_1_216' title='bbox 327 3518 475 3570; x_wconf 71' lang='lat' dir='ltr'><strong>‘Naso</strong></span> <span class='ocrx_word' id='word_1_217' title='bbox 512 3514 734 3579; x_wconf 76' lang='lat' dir='ltr'><strong>cecinit,</strong></span> <span class='ocrx_word' id='word_1_218' title='bbox 769 3516 902 3567; x_wconf 76' lang='lat' dir='ltr'><strong>Met.</strong></span> <span class='ocrx_word' id='word_1_219' title='bbox 939 3514 993 3574; x_wconf 87' lang='lat'><strong>1,</strong></span> <span class='ocrx_word' id='word_1_220' title='bbox 1037 3532 1138 3566; x_wconf 79' lang='lat'><strong>121</strong></span> <span class='ocrx_word' id='word_1_221' title='bbox 1194 3523 1250 3566; x_wconf 84' lang='lat' dir='ltr'><strong>et</strong></span> <span class='ocrx_word' id='word_1_222' title='bbox 1337 3534 1452 3577; x_wconf 82' lang='lat' dir='ltr'><strong>cus,</strong></span> <span class='ocrx_word' id='word_1_223' title='bbox 1481 3516 1577 3569; x_wconf 86' lang='lat' dir='ltr'><strong>lib.</strong></span> <span class='ocrx_word' id='word_1_224' title='bbox 1605 3517 1681 3582; x_wconf 89' lang='lat'><strong>11,</strong></span> <span class='ocrx_word' id='word_1_225' title='bbox 1712 3536 1849 3588; x_wconf 78' lang='lat' dir='ltr'><strong>cap..</strong></span> <span class='ocrx_word' id='word_1_226' title='bbox 1872 3535 1921 3581; x_wconf 85' lang='lat'><strong>1,</strong></span> <span class='ocrx_word' id='word_1_227' title='bbox 1943 3520 2039 3572; x_wconf 86' lang='lat' dir='ltr'><strong>ubi</strong></span> <span class='ocrx_word' id='word_1_228' title='bbox 2063 3520 2231 3574; x_wconf 73' lang='lat' dir='ltr'><strong>multa</strong></span> <span class='ocrx_word' id='word_1_229' title='bbox 2254 3523 2358 3575; x_wconf 84' lang='lat' dir='ltr'><strong>ele-</strong></span> 
     </span>
     <span class='ocr_line' id='line_1_29' title="bbox 231 3590 2358 3669; baseline 0.002 -19"><span class='ocrx_word' id='word_1_230' title='bbox 231 3615 368 3650; x_wconf 68' lang='lat' dir='ltr'><strong>na:</strong></span> <span class='ocrx_word' id='word_1_231' title='bbox 397 3624 420 3643; x_wconf 85' lang='lat'>.</span> <span class='ocrx_word' id='word_1_232' title='bbox 437 3596 620 3660; x_wconf 87' lang='lat' dir='ltr'><strong>Quum</strong></span> <span class='ocrx_word' id='word_1_233' title='bbox 647 3596 886 3667; x_wconf 83' lang='lat' dir='ltr'><strong>primum</strong></span> <span class='ocrx_word' id='word_1_234' title='bbox 913 3593 1126 3647; x_wconf 85' lang='lat' dir='ltr'><strong>subiere</strong></span> <span class='ocrx_word' id='word_1_235' title='bbox 1153 3590 1248 3645; x_wconf 88' lang='lat' dir='ltr'><strong>do-</strong></span> <span class='ocrx_word' id='word_1_236' title='bbox 1335 3610 1519 3665; x_wconf 77' lang='lat' dir='ltr'><strong>gamer</strong></span> <span class='ocrx_word' id='word_1_237' title='bbox 1540 3596 1609 3648; x_wconf 90' lang='lat' dir='ltr'><strong>de</strong></span> <span class='ocrx_word' id='word_1_238' title='bbox 1625 3597 1919 3665; x_wconf 80' lang='lat' dir='ltr'><strong>priscorum</strong></span> <span class='ocrx_word' id='word_1_239' title='bbox 1932 3597 2215 3651; x_wconf 83' lang='lat' dir='ltr'><strong>hominum</strong></span> <span class='ocrx_word' id='word_1_240' title='bbox 2228 3600 2358 3669; x_wconf 78' lang='lat' dir='ltr'><strong>vita,</strong></span> 
     </span>
     <span class='ocr_line' id='line_1_30' title="bbox 225 3670 2357 3751; baseline 0.003 -22"><span class='ocrx_word' id='word_1_241' title='bbox 225 3695 338 3729; x_wconf 76' lang='lat' dir='ltr'><strong>nos</strong></span> <span class='ocrx_word' id='word_1_242' title='bbox 354 3715 370 3737; x_wconf 83' lang='lat'><strong><em>‚</em></strong></span> <span class='ocrx_word' id='word_1_243' title='bbox 385 3675 580 3729; x_wconf 82' lang='lat' dir='ltr'><strong>domus</strong></span> <span class='ocrx_word' id='word_1_244' title='bbox 597 3688 746 3729; x_wconf 77' lang='lat' dir='ltr'><strong>antra</strong></span> <span class='ocrx_word' id='word_1_245' title='bbox 763 3674 998 3739; x_wconf 82' lang='lat' dir='ltr'><strong>fuerunt,</strong></span> <span class='ocrx_word' id='word_1_246' title='bbox 1017 3674 1086 3725; x_wconf 87' lang='lat' dir='ltr'><strong>Et</strong></span> <span class='ocrx_word' id='word_1_247' title='bbox 1097 3670 1247 3725; x_wconf 87' lang='lat' dir='ltr'><strong>densi</strong></span> <span class='ocrx_word' id='word_1_248' title='bbox 1334 3688 1390 3727; x_wconf 88' lang='lat' dir='ltr'><strong>et</strong></span> <span class='ocrx_word' id='word_1_249' title='bbox 1414 3673 1482 3726; x_wconf 89' lang='lat' dir='ltr'><strong>de</strong></span> <span class='ocrx_word' id='word_1_250' title='bbox 1510 3675 1675 3727; x_wconf 82' lang='lat' dir='ltr'><strong>initiis</strong></span> <span class='ocrx_word' id='word_1_251' title='bbox 1702 3676 2047 3731; x_wconf 79' lang='lat' dir='ltr'><strong>humanitatis</strong></span> <span class='ocrx_word' id='word_1_252' title='bbox 2080 3690 2241 3751; x_wconf 81' lang='lat' dir='ltr'><strong>atque</strong></span> <span class='ocrx_word' id='word_1_253' title='bbox 2276 3694 2357 3735; x_wconf 86' lang='lat' dir='ltr'><strong>te-</strong></span> 
     </span>
     <span class='ocr_line' id='line_1_31' title="bbox 225 3754 2360 3825; baseline 0.003 -16"><span class='ocrx_word' id='word_1_254' title='bbox 225 3757 468 3823; x_wconf 73' lang='lat' dir='ltr'><strong>t&#39;mtioes,</strong></span> <span class='ocrx_word' id='word_1_255' title='bbox 490 3768 542 3808; x_wconf 88' lang='lat' dir='ltr'><strong>et</strong></span> <span class='ocrx_word' id='word_1_256' title='bbox 564 3756 766 3825; x_wconf 70' lang='lat' dir='ltr'><strong>juncte</strong></span> <span class='ocrx_word' id='word_1_257' title='bbox 791 3754 990 3807; x_wconf 76' lang='lat' dir='ltr'><strong>cortice</strong></span> <span class='ocrx_word' id='word_1_258' title='bbox 1011 3754 1189 3823; x_wconf 60' lang='grc' dir='ltr'><strong><em>τῖε-μ.</em></strong></span> <span class='ocrx_word' id='word_1_259' title='bbox 1213 3776 1236 3799; x_wconf 73' lang='grc' dir='ltr'><strong>ι</strong></span> <span class='ocrx_word' id='word_1_260' title='bbox 1337 3767 1546 3807; x_wconf 86' lang='lat' dir='ltr'><strong>ctornm</strong></span> <span class='ocrx_word' id='word_1_261' title='bbox 1562 3766 1614 3807; x_wconf 87' lang='lat' dir='ltr'><strong>et</strong></span> <span class='ocrx_word' id='word_1_262' title='bbox 1634 3755 1971 3811; x_wconf 82' lang='lat' dir='ltr'><strong>incrementis</strong></span> <span class='ocrx_word' id='word_1_263' title='bbox 1988 3775 2195 3813; x_wconf 76' lang='lat' dir='ltr'><strong>eornm.</strong></span> <span class='ocrx_word' id='word_1_264' title='bbox 2218 3760 2360 3815; x_wconf 74' lang='lat' dir='ltr'><strong>Nam</strong></span> 
     </span>
     <span class='ocr_line' id='line_1_32' title="bbox 223 3830 2361 3905; baseline 0.004 -18"><span class='ocrx_word' id='word_1_265' title='bbox 223 3836 407 3889; x_wconf 53' lang='lat' dir='ltr'><strong>Hunn-</strong></span> <span class='ocrx_word' id='word_1_266' title='bbox 425 3866 510 3879; x_wconf 89' lang='lat'>-</span> <span class='ocrx_word' id='word_1_267' title='bbox 531 3834 700 3887; x_wconf 80' lang='lat' dir='ltr'><strong>Vetus</strong></span> <span class='ocrx_word' id='word_1_268' title='bbox 735 3834 876 3887; x_wconf 81' lang='lat' dir='ltr'><strong>liber</strong></span> <span class='ocrx_word' id='word_1_269' title='bbox 893 3830 1038 3903; x_wconf 80' lang='lat' dir='ltr'><strong>apud</strong></span> <span class='ocrx_word' id='word_1_270' title='bbox 1065 3832 1243 3885; x_wconf 82' lang='lat' dir='ltr'><strong>Dalec.</strong></span> <span class='ocrx_word' id='word_1_271' title='bbox 1334 3845 1393 3885; x_wconf 84' lang='lat' dir='ltr'><strong>nt</strong></span> <span class='ocrx_word' id='word_1_272' title='bbox 1423 3835 1597 3905; x_wconf 72' lang='lat' dir='ltr'><strong>aliqua</strong></span> <span class='ocrx_word' id='word_1_273' title='bbox 1641 3853 1703 3889; x_wconf 84' lang='lat' dir='ltr'><strong>ex</strong></span> <span class='ocrx_word' id='word_1_274' title='bbox 1744 3835 1808 3888; x_wconf 89' lang='lat' dir='ltr'><strong>iis</strong></span> <span class='ocrx_word' id='word_1_275' title='bbox 1837 3832 2134 3892; x_wconf 85' lang='lat' dir='ltr'><strong>delibemus</strong></span> <span class='ocrx_word' id='word_1_276' title='bbox 2165 3857 2178 3891; x_wconf 73' lang='grc' dir='ltr'>ε</span> <span class='ocrx_word' id='word_1_277' title='bbox 2229 3868 2252 3889; x_wconf 74' lang='grc' dir='ltr'>ι</span> <span class='ocrx_word' id='word_1_278' title='bbox 2270 3840 2361 3895; x_wconf 75' lang='lat' dir='ltr'><strong>Ad</strong></span> 
     </span>
     <span class='ocr_line' id='line_1_33' title="bbox 225 3908 2360 3985; baseline 0.003 -18"><span class='ocrx_word' id='word_1_279' title='bbox 225 3916 398 3970; x_wconf 60' lang='lat' dir='ltr'><strong>melior.</strong></span> <span class='ocrx_word' id='word_1_280' title='bbox 429 3916 534 3968; x_wconf 83' lang='lat' dir='ltr'><strong>En.</strong></span> <span class='ocrx_word' id='word_1_281' title='bbox 1027 3908 1034 3913; x_wconf 44' lang='lat'>⁶</span> <span class='ocrx_word' id='word_1_282' title='bbox 1333 3914 1480 3966; x_wconf 82' lang='lat' dir='ltr'><strong>hune</strong></span> <span class='ocrx_word' id='word_1_283' title='bbox 1501 3911 1645 3966; x_wconf 88' lang='lat' dir='ltr'><strong>diem</strong></span> <span class='ocrx_word' id='word_1_284' title='bbox 1662 3954 1677 3981; x_wconf 92' lang='lat'><strong>,</strong></span> <span class='ocrx_word' id='word_1_285' title='bbox 1703 3914 1909 3985; x_wconf 84' lang='lat' dir='ltr'><strong>inquit,</strong></span> <span class='ocrx_word' id='word_1_286' title='bbox 1936 3918 2244 3972; x_wconf 78' lang='lat' dir='ltr'><strong>nationibus</strong></span> <span class='ocrx_word' id='word_1_287' title='bbox 2268 3938 2360 3974; x_wconf 83' lang='lat' dir='ltr'><strong>ex-</strong></span> 
     </span>
    </p>

    <p class='ocr_par' dir='ltr' id='par_1_10' title="bbox 217 3990 2365 4150">
     <span class='ocr_line' id='line_1_34' title="bbox 295 3990 2361 4051; baseline 0.002 -4"><span class='ocrx_word' id='word_1_288' title='bbox 295 3994 350 4049; x_wconf 78' lang='lat'><strong>⁵.</strong></span> <span class='ocrx_word' id='word_1_289' title='bbox 377 3994 528 4049; x_wconf 73' lang='lat' dir='ltr'><strong>Libro</strong></span> <span class='ocrx_word' id='word_1_290' title='bbox 565 3997 736 4047; x_wconf 72' lang='lat' dir='ltr'><strong>vestis.</strong></span> <span class='ocrx_word' id='word_1_291' title='bbox 779 3992 854 4045; x_wconf 81' lang='lat' dir='ltr'><strong>Et</strong></span> <span class='ocrx_word' id='word_1_292' title='bbox 885 3992 1138 4045; x_wconf 77' lang='lat' dir='ltr'><strong>arborum</strong></span> <span class='ocrx_word' id='word_1_293' title='bbox 1180 3990 1246 4043; x_wconf 86' lang='lat' dir='ltr'><strong>li·</strong></span> <span class='ocrx_word' id='word_1_294' title='bbox 1335 3993 1464 4045; x_wconf 82' lang='lat' dir='ltr'><strong>teris</strong></span> <span class='ocrx_word' id='word_1_295' title='bbox 1495 4012 1561 4047; x_wconf 89' lang='lat' dir='ltr'><strong>ex</strong></span> <span class='ocrx_word' id='word_1_296' title='bbox 1587 3995 1671 4047; x_wconf 83' lang='lat' dir='ltr'><strong>his</strong></span> <span class='ocrx_word' id='word_1_297' title='bbox 1707 3994 1867 4049; x_wconf 88' lang='lat' dir='ltr'><strong>rebus</strong></span> <span class='ocrx_word' id='word_1_298' title='bbox 1906 3996 2125 4051; x_wconf 70' lang='lat' dir='ltr'><strong>aedificia</strong></span> <span class='ocrx_word' id='word_1_299' title='bbox 2160 3998 2361 4051; x_wconf 83' lang='lat' dir='ltr'><strong>eonsti-</strong></span> 
     </span>
     <span class='ocr_line' id='line_1_35' title="bbox 217 4071 2365 4150; baseline 0.002 -23"><span class='ocrx_word' id='word_1_300' title='bbox 217 4073 340 4140; x_wconf 76' lang='lat' dir='ltr'><strong>bro,</strong></span> <span class='ocrx_word' id='word_1_301' title='bbox 371 4076 572 4147; x_wconf 80' lang='lat' dir='ltr'><strong>inquit,</strong></span> <span class='ocrx_word' id='word_1_302' title='bbox 605 4072 833 4129; x_wconf 83' lang='lat' dir='ltr'><strong>mollior</strong></span> <span class='ocrx_word' id='word_1_303' title='bbox 863 4071 1146 4125; x_wconf 84' lang='lat' dir='ltr'><strong>hominum</strong></span> <span class='ocrx_word' id='word_1_304' title='bbox 1189 4072 1248 4124; x_wconf 86' lang='lat' dir='ltr'><strong>in</strong></span> <span class='ocrx_word' id='word_1_305' title='bbox 1336 4085 1560 4126; x_wconf 84' lang='lat' dir='ltr'><strong>tuuntur</strong></span> <span class='ocrx_word' id='word_1_306' title='bbox 1588 4092 1603 4126; x_wconf 74' lang='grc' dir='ltr'><strong><em>ε</em></strong></span> <span class='ocrx_word' id='word_1_307' title='bbox 1640 4086 1703 4126; x_wconf 89' lang='lat' dir='ltr'><strong>ut</strong></span> <span class='ocrx_word' id='word_1_308' title='bbox 1738 4075 1797 4127; x_wconf 87' lang='lat' dir='ltr'><strong>in</strong></span> <span class='ocrx_word' id='word_1_309' title='bbox 1832 4074 2041 4137; x_wconf 73' lang='lat' dir='ltr'><strong>Gallia,</strong></span> <span class='ocrx_word' id='word_1_310' title='bbox 2076 4075 2365 4150; x_wconf 73' lang='lat' dir='ltr'><strong>Hispania,</strong></span> 
     </span>
    </p>
   </div>
   <div class='ocr_carea' id='block_1_9' title="bbox 373 4187 2085 4253">
    <p class='ocr_par' dir='ltr' id='par_1_11' title="bbox 373 4187 2085 4253">
     <span class='ocr_line' id='line_1_36' title="bbox 373 4187 2085 4253; baseline 0.001 -2"><span class='ocrx_word' id='word_1_311' title='bbox 373 4187 458 4252; x_wconf 91' lang='lat' dir='ltr'><strong>V.</strong></span> <span class='ocrx_word' id='word_1_312' title='bbox 2059 4207 2085 4253; x_wconf 90' lang='lat'>1</span> 
     </span>
    </p>
   </div>
   <div class='ocr_carea' id='block_1_10' title="bbox 2966 3864 2972 4428">
    <p class='ocr_par' dir='ltr' id='par_1_12' title="bbox 2966 3864 2972 4428">
     <span class='ocr_line' id='line_1_37' title="bbox 2966 3864 2972 4428; baseline 0 0"><span class='ocrx_word' id='word_1_313' title='bbox 2966 3864 2972 4428; x_wconf 95' lang='lat' dir='ltr'><strong> </strong></span> 
     </span>
    </p>
   </div>
  </div>
 </body>
</html>
