2984 5009
891 473 1204 542 LIBER
1269 472 1495 540 XIII.

183 605 348 675 tradit
381 609 450 676 L.
485 607 635 676 Piso
665 591 718 680 '⁶.
757 606 1096 676 censorius
1138 604 1356 698 primo
1410 603 2039 672 commentariorum
2088 629 2103 672 ε

2116 495 2261 568 207

2156 603 2272 674 sed

181 711 346 780 libros
373 728 618 808 septem
639 711 686 752 ¹⁷
718 713 886 806 juris
919 710 1280 806 pontificii,
1303 694 1773 802 totidemque¹⁸
1802 709 2275 804 Pythagoricos

181 817 366 888 fuisse:
393 819 761 888 Tuditanus
789 817 1050 888 decimo
1077 818 1302 904 tertio,
1323 816 1565 886 Numae
1581 814 2001 885 decretorum
2030 815 2269 886 fuisse:

180 924 286 1018 ipse
321 928 531 994 Varro
583 929 1048 994 Humanarum
1103 924 1571 1016 antiquitatum
1627 936 1847 1008 sext0,
1888 924 2121 992 Antias
2164 948 2275 992 se-

180 1031 355 1100 cundo
380 1085 402 1118 ,
441 1032 616 1102 duos
660 1028 1072 1126 pontificales
1115 1029 1390 1100 Latinos
1411 1082 1430 1114 ,
1476 1027 1753 1098 totidem
1793 1029 2063 1097 Graecos
2103 1053 2276 1123 prae-

179 1151 328 1230 cepta
358 1137 800 1232 philosophiae
839 1138 1276 1206 continentes.
1327 1131 1580 1204 ldem¹⁹
1639 1133 1836 1204 tertio
1872 1135 2101 1229 ponit,
2140 1161 2275 1229 quo
2314 1145 2345 1196 3

92 1265 94 1302 ;
179 1243 426 1313 comburi
465 1269 583 1314 eos
622 1242 964 1338 placuerit.
1011 1245 1198 1312 Inter
1240 1266 1472 1310 omnes
1503 1261 1667 1308 vero·
1705 1242 2019 1310 convenit
2054 1241 2277 1334 Sibyl·-

92 1333 94 1370 ²
179 1343 274 1416 lam
295 1347 338 1373 ²⁰
368 1349 455 1418 ad
493 1350 932 1444 Tarquinium
962 1346 1006 1372 ²¹
1051 1347 1428 1443 Superbum
1465 1363 1601 1418 tres
1638 1345 1905 1416 libros²²
1942 1346 2276 1418 attulisse:

177 1527 425 1586 advertisset
451 1573 469 1600 ,
527 1535 788 1606 pleraque
835 1531 1155 1603 religionum

178 1609 582 1666 dissolvendarum
613 1629 742 1666 esse.
763 1613 974 1665 Lrvnrs.

238 1694 310 1744 16.
333 1693 386 1746 L.
402 1695 546 1746 Piso.
575 1691 721 1746 Vide
742 1695 1034 1746 Auctor-um
1061 1693 1155 1744 Iu-

178 1767 323 1824 dicem.
343 1773 404 1825 In
423 1773 584 1826 libris
606 1772 828 1844 vulgatis
855 1790 1155 1844 perperam,

92 1877 94 1884 ·
182 1847 226 1901 C.
239 1851 352 1904 Piso.
369 1853 558 1908 HARD.

92 1947 94 1950 ’
239 1947 308 1997 17.
323 1933 493 1984 uba-us
509 1940 703 2002 septem.
717 1932 937 1985 Latinos
960 1950 1158 2004 nempe

179 2005 226 2060 de
260 2013 362 2078 jare
411 2012 743 2066 Pontificum
770 2049 784 2074 ,
829 2009 1158 2084 totidemque

92 2099 95 2122 ÷
180 2086 344 2144 Grecos
362 2089 428 2145 de
457 2089 744 2163 disciplina
768 2090 1040 2162 sapientiae
1056 2132 1073 2157 ,
1096 2104 1158 2145 ut

92 2199 94 2224 :
181 2165 342 2222 aitval.
367 2172 512 2224 Max.
545 2171 585 2226 l.
613 2190 664 2224 c.
687 2170 866 2224 Hnm.

92 2241 94 2250 ¹
239 2251 312 2304 18.
331 2251 661 2324 Tandemque.
684 2250 913 2304 Grecos.
927 2251 1160 2306 Pramu-

92 2347 94 2350 >
183 2341 270 2380 nus.
303 2353 374 2365 —
409 2333 784 2401 Pythagoricos.
845 2331 984 2384 Nam
1033 2350 1158 2384 enm

181 2403 440 2478 Pythagoras
465 2409 772 2464 auditorem
799 2410 956 2464 fuisse
975 2450 992 2480 ,
1017 2411 1158 2466 fama

183 2487 422 2557 vulgatum.
453 2492 596 2542 Du..

239 2585 314 2636 19.
339 2570 491 2622 Idem.
521 2569 731 2641 Nempe
762 2566 1006 2622 Valerius
1043 2571 1158 2622 Au·

92 2681 94 2708 2
181 2643 264 2696 tias.
283 2649 350 2701 De
369 2650 454 2704 his
477 2649 830 2722 scriptoribus
852 2647 1083 2716 diximus
1100 2651 1158 2704 in

92 2761 94 2772 ,
181 2723 424 2782 suetorum
433 2727 645 2784 Indice.
669 2729 782 2798 Quo
795 2729 1006 2782 comburi
1025 2729 1160 2796 ,hoc

181 2816 366 2877 atqua
391 2827 566 2863 causa.
593 2809 778 2862 Ihm).

239 2903 309 2939 πο.
347 2885 604 2952 Sibyllam.
669 2890 964 2943 Cumanam
1008 2901 1162 2942 vocat

180 2959 308 3018 Solia.
347 2986 461 3043 cap.
492 2987 568 3036 11,
603 2989 660 3042 p.
692 2973 783 3030 14.
811 2970 986 3022 Varro
1015 2966 1164 3040 apud

179 3039 379 3100 Servium
435 3048 793 3121 Erythraeam.
850 3048 919 3100 Et
977 3047 1162 3102 Cumis

177 3119 460 3194 Erythram
467 3128 716 3182 vaticinia
735 3125 959 3182 edidisse
971 3141 1159 3183 auctor

180 3213 236 3252 est
249 3203 562 3262 Aristoteles.
597 3206 782 3262 Hum.

239 3301 314 3337 π.
339 3287 431 3338 Ad
471 3289 816 3358 Tarquinium,
864 3298 966 3340 etc.
1005 3287 1157 3340 Lact.

178 3375 224 3410 ex
245 3361 382 3417 Varr.
411 3367 560 3420 lib.1
595 3367 832 3420 Institut.
853 3383 971 3438 cap.
1003 3369 1038 3420 6
1057 3405 1079 3432 ‚.
1109 3379 1162 3420 et

177 3437 324 3496 suidas
359 3445 715 3518 Tarquinium
759 3464 884 3519 eum
916 3446 1162 3500 Priscum

178 3513 300 3573 fuisse
318 3525 562 3594 quintum
591 3527 954 3579 Romanorum
979 3544 1162 3597 regem

177 3597 511 3665 prodiderunt.
535 3602 710 3658 Iidem
740 3624 861 3658 cum
900 3605 1162 3676 Dionysio

178 3675 561 3750 thlicarnmeo,
589 3684 686 3738 lib.
714 3684 816 3752 lv,
858 3696 912 3737 et
950 3685 1160 3749 Gellio,

177 3772 266 3826 cap.
308 3781 400 3832 19,
445 3764 688 3818 scribunt
745 3782 937 3819 novem
993 3765 1162 3818 libros

92 3897 94 3908 Ι
179 3835 346 3902 allatos,
383 3861 446 3896 ex
483 3844 681 3916 quibus
719 3862 806 3898 sex
849 3845 1164 3898 cremaverit

92 3915 94 3930 *
179 3915 367 3986 Sibylla,
385 3923 623 3994 reliquos
651 3935 756 3976 tres
779 3941 868 3976 rex
898 3937 1160 3978 mercatus

177 3993 242 4046 sit.
259 3997 350 4052 Eos
365 4001 531 4056 libros
558 4003 615 4054 in
643 4002 905 4074 Capitolio
927 4003 1159 4058 custodi·

92 4107 94 4110 >
182 4083 241 4125 ¹⁰⁸
271 4095 423 4147 quum
475 4082 566 4135 Dii
609 4082 929 4138 immortales
974 4103 1160 4139 consu-

1243 1529 1392 1585 lendi
1457 1543 1661 1597 essent,
1738 1526 1959 1586 adibant
2040 1534 2277 1604 primum

1243 1610 1553 1675 duumviri,
1592 1623 1719 1683 post
1745 1623 1924 1664 autern
1952 1609 2242 1667 decemviri
2264 1655 2281 1679 ,

1245 1689 1439 1744 deinde
1462 1689 1895 1763 quindecimviri,
1926 1711 1987 1746 ac
2010 1707 2279 1764 postremo

1245 1771 1544 1843 sexaginta,
1579 1772 1801 1824 nomine
1841 1784 2021 1826 tamen
2058 1774 2280 1844 quinde-

1243 1849 1612 1914 cimvirorum‚
1632 1869 1825 1922 eosque
1850 1871 1961 1904 non
1990 1845 2280 1924 Sibyllinos

1245 1942 1482 1994 tantum,
1518 1928 1612 1982 sed
1649 1943 1701 1984 et
1742 1931 1922 1982 fatales
1960 1942 2015 1983 et
2042 1931 2281 1986 fatidicos

1245 2011 1662 2082 appellaverunt.
1708 2010 1891 2062 Livius
1908 2043 1925 2072 ‚
1988 2011 2281 2083 Dionysius

1245 2089 1712 2154 Halicarnasseus,
1754 2089 1939 2142 Valer.
1984 2089 2278 2159 Maximus,

1245 2168 1579 2228 Macrobius,
1622 2169 1911 2222 Fenestella
1929 2211 1945 2233 ,
1975 2170 2281 2225 Alexander

1239 2248 1312 2302 ab
1342 2247 1503 2302 Alex.
1526 2248 1623 2300 lib.
1651 2249 1768 2314 ΙΙΙ,
1799 2267 1915 2318 cap.
1950 2255 2035 2304 16.
2070 2252 2277 2306 Dumc.

1245 2360 1314 2371 —
1345 2327 1625 2398 Superbum.
1673 2329 1756 2382 Ita
1793 2328 1957 2382 Dion.
2004 2329 2273 2385 Halicarn.

1245 2409 1427 2480 Antiq.
1455 2409 1616 2461 Rom.
1641 2409 1741 2462 lib.
1768 2409 1873 2472 IV,
1908 2423 2027 2479 pag.
2058 2408 2168 2478 259
2187 2448 2203 2476 ,
2223 2424 2277 2465 et

1249 2487 1515 2564 Getulib.
1549 2489 1599 2553 1,
1624 2506 1743 2558 cap.
1775 2507 1841 2558 19
1861 2527 1876 2552 ,
1926 2507 2043 2560 pag.
2073 2488 2163 2543 83.
2204 2493 2277 2544 At

1245 2567 1424 2620 Varro
1465 2567 1607 2638 apud
1634 2568 1878 2621 Lactant.
1906 2568 1999 2620 lib.
2024 2569 2084 2632 1,
2128 2587 2173 2622 c.
2204 2573 2275 2632 6,

1245 2645 1437 2700 Suidas
1455 2685 1470 2712 ,
1498 2647 1725 2718 aliique,
1752 2645 1809 2700 id
1837 2648 2133 2720 Tarquinio
2159 2651 2277 2704 Pri.-

1246 2746 1334 2783 seo
1357 2728 1557 2780 factum
1588 2725 1909 2799 adjudicant.
1933 2729 2080 2793 Quin
2104 2729 2271 2788 Solin.

1245 2807 1358 2877 ipse
1385 2824 1625 2878 quoque,
1652 2807 1686 2859 1.
1710 2826 1759 2861 c.
1782 2808 2023 2878 quamvis
2038 2825 2103 2860 ex
2132 2809 2273 2863 Ptin.

1246 2885 1552 2957 Superbum
1580 2899 1749 2952 vocet,
1766 2907 1935 2960 quum
1963 2901 2137 2943 tamen
2159 2907 2277 2944 rem

1245 2979 1442 3038 gestam
1467 2985 1579 3020 esse
1608 2981 1784 3020 narret
1813 2967 2031 3039 Olymp.
2060 2967 2134 3033 L,
2156 2970 2279 3024 Pri·

1247 3065 1394 3098 scum
1443 3047 1666 3100 omnino
1714 3045 1921 3100 videtur
1958 3047 2273 3120 intelligere.

1247 3126 1454 3179 Verum
1475 3145 1506 3179 a
1534 3126 1711 3180 Plinio
1740 3139 1981 3198 tempora
2001 3129 2279 3182 accuratis-

1247 3205 1380 3261 sime
1405 3204 1702 3277 designari,
1735 3207 1971 3278 plurima
2006 3207 2165 3262 nohis
2198 3226 2279 3263 ar·

1245 3299 1501 3356 gumenta
1550 3283 1794 3340 suadent.
1853 3287 2038 3358 Neque
2087 3306 2275 3340 eorum

1247 3369 1567 3436 conjecturat
1610 3365 1988 3420 subscribimus
2006 3405 2023 3431 ,
2072 3367 2171 3438 qui
2216 3380 2277 3420 ut

1247 3457 1547 3517 pugnantes
1574 3446 1714 3498 inter
1740 3463 1794 3498 se
1826 3447 2109 3516 scriptores
2146 3465 2277 3500 con·

1246 3527 1450 3587 efflent,
1479 3525 1712 3580 inditum
1736 3524 1895 3578 fuisse
1918 3525 2129 3596 utrique
2139 3527 2277 3578 Tar·

1247 3605 1434 3678 quinio
1471 3604 1699 3676 Superbi
1738 3623 2037 3676 cognomen
2076 3605 2276 3677 absque

1249 3685 1365 3738 ullo
1391 3697 1607 3738 auctore
1636 3696 1727 3738 aut
1757 3697 1885 3738 teste
1908 3685 2135 3755 antiquo
2172 3686 2275 3738 fin-

1247 3777 1398 3834 gunt.
1446 3765 1629 3818 Potuit
1682 3765 1881 3834 Sibylla
1918 3763 2278 3835 Tarquinium⁴

1249 3857 1537 3914 utrumque
1578 3841 1795 3901 vidisse,
1839 3856 1891 3896 et
1920 3845 2157 3898 Priscum
2174 3883 2193 3909 ‚
2222 3859 2277 3900 et

1247 3923 1569 3995 Superbum.
1581 3922 1724 3975 Vide
1746 3924 1883 3978 Plin.
1905 3924 2000 3978 lib.
2013 3926 2275 3986 XXXIV,

1248 4022 1366 4074 cap.
1399 4019 1488 4054 11.
1516 4003 1697 4056 Halm.

1335 4103 1424 4136 υ.
1451 4082 1501 4134 T
1498 4102 1570 4134 res
1600 4082 1765 4138 libros.
1793 4084 1920 4138 Haec
1946 4083 2107 4155 paulo
2130 4084 2281 4138 aliter
