2984 5009
1012 430 1331 500 LIBER
1383 430 1597 499 XVI.

2220 432 2366 521 641

232 554 389 632 lium
440 586 579 631 non
628 559 908 655 jucundi
958 559 1184 629 odoris
1234 575 1520 653 utroque
1571 560 1733 629 visci
1779 583 2010 630 amaro
2051 578 2120 631 et
2173 563 2375 637 lento.

232 669 549 763 Hyphear
580 666 665 737 ad
692 666 1055 761 saginanda
1089 690 1333 761 pecora
1368 664 1650 738 utilius7.
1683 669 1751 737 V
1753 667 1869 735 itia
1901 667 2103 738 modo
2132 688 2380 767 purgat

229 778 484 871 prim03
517 774 669 843 dein
702 772 1143 868 pinguefacit,
1184 798 1332 868 quae
1369 758 1730 871 suffecere⁸
1766 760 2166 869 purgationi.
2199 779 2376 867 Qui-

230 882 355 951 bus
394 884 481 950 sit
529 880 749 974 aliqua
802 878 987 948 tabes
1036 880 1251 964 intus,
1308 894 1560 972 negant
1597 878 1862 947 durare.
1921 882 2018 949 Ea
2067 883 2376 953 medendi

228 990 437 1077 ratio,
494 987 736 1056 aestatis
788 984 1229 1080 quadragenis
1285 984 1538 1054 diebus.
1597 984 1938 1078 Adjiciunt
1978 985 2374 1079 discrimen,
2415 1034 2442 1067 2

230 1096 413 1163 visco
449 1094 517 1161 in
550 1092 656 1160 his
684 1116 831 1186 quae
870 1089 1026 1161 folia
1066 1093 1406 1177 amittant,
1450 1105 1519 1159 et
1555 1092 1680 1185 ipsi
1721 1091 2028 1161 decidere
2077 1118 2093 1159 z
2141 1111 2378 1165 contra

228 1199 553 1269 inhaerere
569 1213 729 1266 nato
750 1199 819 1265 in
840 1211 1088 1267 aeterna
1110 1197 1367 1267 fronde.
1394 1199 1691 1266 Omnino
1713 1211 1936 1266 autem
1955 1213 2172 1269 satum
2190 1200 2375 1319 uffo

228 1306 435 1375 modo
492 1306 818 1391 nascitur,
874 1328 999 1373 nec
1056 1305 1178 1373 nisi
1228 1329 1349 1399 per
1408 1302 1670 1373 alvum⁹
1717 1304 1942 1375 avium
2001 1306 2374 1395 redditum,

228 1414 517 1481 maxime
551 1409 879 1505 palumbis
910 1434 991 1481 ac
1029 1409 1261 1480 turdis.
1308 1412 1468 1479 Haec
1507 1423 1609 1479 est
1643 1424 1880 1479 natura
1901 1461 1920 1494 ,
1971 1426 2048 1481 ut
2075 1414 2202 1482 nisi
2235 1438 2374 1483 rna-

228 1533 527 1588 turatum
578 1519 647 1585 in
690 1531 925 1609 ventre
964 1518 1229 1601 avium,
1280 1540 1419 1584 non
1472 1518 1842 1611 proveniat.
1886 1516 2186 1588 Altitudo
2233 1520 2374 1613 ejus
2411 1592 2419 1599 ,

230 1650 368 1694 non
398 1622 657 1693 excedit
700 1620 1054 1691 cubitalem
1076 1672 1095 1707 ‚
1141 1646 1404 1717 semper
1438 1621 1783 1692 frutectosi
1818 1646 1897 1692 ac
1933 1624 2181 1695 viridis.
2224 1629 2373 1696 Mas

230 1729 500 1813 fertilis,
532 1730 777 1799 femina
809 1726 1081 1797 sterilis:
1112 1727 1467 1823 aliquando
1497 1754 1636 1798 non
1671 1729 1819 1797 fert.

334 1838 588 1905 XCIV.
649 1836 925 1903 Viscum
987 1834 1199 1903 confit
1232 1833 1248 1858 ¹
1316 1858 1398 1903 ex
1470 1836 1716 1921 aciniS,
1785 1837 1900 1929 qui
1963 1835 2370 1931 colliguntur
2411 1872 2437 1909 1

232 1945 544 2011 messium
597 1956 897 2035 ternpore
952 1942 1335 2024 immaturi3
1387 1966 1543 2009 nam
1598 1942 1651 2009 si
1693 1966 2028 2011 accessere
2082 1944 2373 2033 imbreS,

229 2048 671 2143 amplitudine
730 2046 998 2141 quidem
1044 2062 1403 2139 augentur,
1459 2048 1645 2115 visco
1691 2046 1889 2115 vero²
1935 2066 2372 2121 marcescunt.

232 2158 583 2225 Siccantur
614 2152 853 2221 deinde
874 2206 891 2239 ‚
944 2164 1011 2221 et
1040 2152 1209 2221 aridi
1240 2153 1649 2233 tunduntur,
1699 2177 1777 2222 ac
1821 2153 2069 2223 conditi
2101 2158 2170 2222 in
2204 2180 2376 2252 aqua

230 2245 676 2358 putrescunt³
712 2258 1035 2327 duodenis
1087 2257 1224 2327 fere
1274 2259 1546 2327 diebus:
1598 2284 1938 2353 unumque
1974 2260 2104 2330 hoc
2151 2287 2377 2332 rerum

231 2365 681 2464 putrescendo
711 2367 991 2459 gratiam
1025 2365 1322 2433 invenit:
1359 2352 1550 2435 inde⁴
1589 2366 1655 2433 in
1693 2366 2106 2459 profluente,
2151 2393 2380 2440 rursus

315 2580 373 2630 7.
406 2560 502 2612 Ad
542 2558 815 2629 saginanda
858 2576 1035 2629 pecora
1078 2557 1261 2609 atilius.

230 2640 588 2710 Theophrast.
618 2641 736 2707 πρὸς
764 2640 821 2690 τὸ
846 2639 1083 2704 χυλεύιιν.
1120 2638 1261 2689 Du..

316 2722 371 2773 8.
413 2720 541 2787 Quoe
564 2720 811 2785 sufficere.
841 2716 1173 2787 pinguefacit
1203 2734 1262 2768 ea

232 2800 480 2852 animalia
494 2838 512 2861 ,
538 2799 733 2868 quibus
760 2797 1021 2849 suffecere
1040 2797 1177 2849 vires
1194 2794 1265 2848 ad

232 2898 347 2933 eam
386 2878 756 2949 purgationem
790 2876 1082 2929 ferendam.
1126 2876 1265 2928 Nam

234 2960 419 3031 multis
452 2971 529 3009 est
554 2974 613 3009 ea
648 2956 847 3020 letalis,
876 2956 1153 3026 nempeiis
1168 2956 1263 3026 qui

232 3040 355 3091 tabe
380 3038 523 3089 intus
547 3037 793 3097 laborent
819 3036 1013 3105 aliqua.
1036 3036 1219 3087 Hum.

320 3136 373 3185 9.
404 3117 509 3167 Nec
528 3119 624 3168 nisi
634 3135 727 3187 per
748 3116 919 3170 alvum.
944 3112 1096 3174 Οἰνὰς
1114 3146 1130 3174 ,
1157 3113 1263 3167 hoc

234 3210 340 3257 est,
387 3197 637 3248 columba
665 3196 940 3258 silvestris,
967 3193 1051 3245 vel
1080 3204 1139 3245 ut
1170 3193 1261 3245 alii

232 3278 683 3346 interpretantur,
708 3273 898 3349 turdus
911 3315 925 3339 ,
946 3273 990 3325 si
1011 3271 1263 3325 devorato

234 3357 369 3409 visci
400 3354 599 3407 semine
621 3356 677 3407 in
704 3357 893 3407 arbore
924 3353 1100 3423 aliqua
1124 3366 1264 3405 satu·-

232 3437 445 3488 ritntem
466 3435 657 3505 egerit,
681 3435 886 3486 viscum
907 3434 1053 3485 aiunt
1073 3433 1265 3486 enasci.

233 3515 433 3568 Athen.
469 3514 563 3565 lib.
612 3515 691 3566 lx
710 3551 727 3576 ‚
776 3520 897 3585 pag.
949 3512 1081 3581 394.
1121 3511 1265 3565 Vide

234 3597 443 3650 Erasm.
466 3594 605 3646 Chil.
630 3592 842 3657 I,Cent.
869 3610 891 3644 1
908 3632 922 3656 ‚
953 3592 1117 3662 Adag.
1149 3591 1217 3645 55
1246 3609 1260 3645 τ

242 3702 267 3724 ι
298 3672 521 3726 Turdus
548 3674 660 3743 ipse
684 3673 783 3725 sibi
812 3673 1010 3723 malum
1034 3684 1199 3724 cacat.
1232 3696 1255 3718 ι

234 3754 315 3807 At
330 3753 513 3807 multis
525 3764 701 3805 tamen
714 3752 769 3804 in
789 3752 1095 3821 regionibus
1117 3749 1266 3803 turdi

234 3852 351 3886 non
392 3844 519 3885 sunt
544 3872 561 3897 ,
608 3833 667 3885 in
697 3830 892 3902 quihus
934 3831 1063 3883 visci
1111 3830 1267 3901 copia

236 3926 335 3967 est.
364 3911 549 3965 Ham.

320 3992 525 4045 XCIV.
560 4010 610 4044 1.
656 3991 853 4043 Viscum
888 3989 1050 4061 confit.
1092 3990 1271 4043 Gluti-

236 4090 375 4125 num
418 4088 615 4142 nempe
660 4070 809 4142 qnod
857 4068 925 4123 ad
974 4070 1269 4141 aucupium

407 4182 493 4247 V.

1350 2558 1588 2629 pertinet
1616 2575 1629 2610 τ
1653 2560 1702 2610 la
1721 2559 1824 2627 glu.
1857 2558 1922 2611 Id
1945 2559 2006 2612 fit
2029 2579 2094 2613 ex
2120 2563 2248 2614 visci
2269 2565 2378 2634 jam

1351 2636 1552 2690 laudati
1569 2638 1734 2691 acinis
1756 2640 1868 2690 sive
1885 2640 2061 2708 granis
2078 2659 2093 2692 ε
2115 2642 2199 2693 des
2209 2647 2380 2711 graius

1350 2718 1411 2769 de
1424 2736 1544 2787 guy.
1563 2718 1642 2769 Ita
1657 2718 1816 2770 etiam
1837 2720 2012 2770 Diosc.
2029 2720 2141 2784 111,
2169 2722 2292 2775 103.
2309 2722 2376 2775 H.

1354 2827 1433 2840 ·-
1460 2798 1513 2850 N
1519 2816 1624 2849 unc
1647 2797 1853 2851 facilius
1878 2798 2252 2871 copiosiusque
2277 2822 2378 2854 no-

1350 2878 1602 2931 stratibus
1659 2876 1877 2931 conficit
1934 2878 2139 2932 viscum
2192 2894 2378 2935 cortex

1352 2976 1513 3029 supra
1539 2962 1650 3027 jam
1685 2970 1986 3011 memorate
2018 2962 2253 3023 arbori-⁰1,
2285 2962 2378 3015 Ilt-

1352 3040 1423 3087 cis
1452 3054 1650 3108 nempe
1684 3038 1986 3108 Aqaeybliae,
2022 3058 2184 3109 quam
2218 3041 2378 3111 vulgo

1352 3113 1546 3167 dicunt
1561 3156 1577 3179 ‚
1613 3117 1658 3166 le
1683 3116 1830 3169 boux.
1851 3117 1958 3169 En.

1436 3214 1485 3246 2.
1523 3195 1668 3247 Vae'sco
1693 3196 1995 3247 vero.Visco
2019 3214 2149 3249 vero
2175 3197 2380 3251 facien-

1351 3272 1423 3326 do
1454 3286 1580 3326 sunt
1602 3273 1778 3325 minus
1798 3266 1969 3325 utiles.
1997 3274 2107 3327 Nec
2125 3286 2266 3328 tanta
2285 3296 2378 3330 co-

1350 3353 1439 3425 pia
1466 3353 1668 3405 viscum
1695 3351 1954 3413 reddunt,
1995 3372 2097 3406 nec
2127 3367 2236 3407 tam
2264 3358 2375 3411 exi-

1353 3433 1456 3485 mia
1478 3434 1737 3485 bonitate.
1759 3434 1944 3485 Ηιιιιυ.

1436 3511 1487 3564 3.
1520 3514 1602 3564 Ac
1627 3513 1810 3564 conditi
1835 3517 1884 3563 in
1912 3532 2040 3581 aqua
2075 3526 2371 3584 putrescunt.

1351 3591 1662 3667 Legendum
1691 3610 1833 3655 reor,
1864 3595 1988 3643 cocti
2003 3596 2054 3643 in
2085 3613 2240 3665 aqua,
2263 3614 2376 3648 non

1353 3673 1550 3725 conditi.
1576 3670 1880 3724 Dioscorid.
1909 3672 2004 3723 lib.
2036 3672 2120 3724 111
2145 3691 2158 3724 ε
2189 3700 2210 3721 ι
2230 3674 2378 3728 Tun·-

1354 3752 1501 3805 ditur
1523 3765 1696 3803 autem
1739 3752 1943 3804 fructus
1973 3751 2016 3803 is
2035 3794 2050 3817 ,
2079 3770 2250 3823 quum
2283 3774 2377 3808 ca·

1354 3844 1544 3895 vatur,
1581 3844 1699 3899 post
1723 3831 1838 3883 hoec
1863 3832 1920 3884 in
1951 3850 2084 3901 aqua
2121 3831 2378 3905 decoqui·

1356 3924 1460 3964 tur.
1486 3936 1510 3957 n
1539 3910 1702 3962 Pur-r,

1443 3996 1497 4053 4.
1540 3990 1674 4041 Inde.
1721 3990 1934 4043 Deinde
1976 3997 2034 4043 in
2075 4010 2209 4063 aqua
2253 4010 2384 4064 pro-

1359 4068 1560 4147 fluente
1581 4070 1777 4123 iterum
1804 4071 1995 4123 malleo
2016 4072 2256 4141 contusi,
2291 4075 2386 4129 ab·

2019 4183 2106 4263 41
