2984 5009
629 467 715 540 52

1174 470 1252 537 C.
1305 468 1645 538 PLINII
1692 468 1905 538 NAT.
1960 468 2223 536 HIST.

625 602 964 673 uariorum
1002 599 1265 696 pondus
1301 614 1583 694 aequent.
1607 598 1989 668 Alexandro
2016 602 2271 694 Magno
2290 598 2341 639 ¹⁹
2380 603 2452 669 in
2487 606 2779 695 pueritia
2808 690 2831 703 ⁴

624 708 764 778 sine
801 708 1208 803 parcimonia
1227 707 1426 776 thura
1457 707 1785 801 ingerenti
1812 708 1943 774 aris
1962 758 1982 790 ,
2013 706 2416 804 paedagogus
2444 710 2779 780 Leonides

620 815 914 901 dixerat,
945 827 1022 883 ut
1052 814 1164 883 illo
1203 813 1440 903 mode,
1468 838 1675 908 quum
1716 811 2069 882 devicisset
2093 813 2452 884 thuriferas
2495 831 2731 911 gentes
2755 869 2776 902 ‚

621 908 1043 1017 supplicaret.
1085 924 1171 990 At
1205 920 1316 989 ille
1346 921 1591 989 Arabia
1621 920 1875 1014 potitus
1895 973 1916 1007 ‚
1952 919 2153 988 thure
2184 934 2493 991 onustam
2528 946 2777 993 navem

622 1030 804 1161 misit
835 1030 934 1113 ei,
976 1028 1365 1096 exhortatus
1393 1042 1470 1096 ut
1499 1025 1713 1157 large²
1715 1028 1899 1094 Deos
1934 1026 2259 1095 adoraret.

681 1135 916 1203 Thus
965 1133 1324 1234 collectum
1387 1130 1713 1201 Sabota²⁰

1766 1126 2033 1201 camelis
2090 1134 2518 1215 convehitur,
2574 1150 2779 1230 porta

555 1161 708 1311 ⁵ad
734 1241 800 1309 id
832 1228 967 1310 una
1001 1254 1288 1335 patente.
1325 1236 1686 1333 Degredi²¹
1714 1240 1827 1307 via
1862 1237 2143 1333 capitale
2177 1238 2355 1333 leges
2388 1240 2627 1311 fecere.
2670 1243 2779 1311 lbi

622 1348 918 1417 decimas
964 1345 1176 1417 Deo²²
1185 1378 1207 1435 ·,
1253 1370 1451 1440 quem
1483 1359 1734 1415 vocant
1772 1343 2005 1433 Sabin,
2048 1370 2397 1430 mensura,
2444 1372 2580 1416 non
2616 1373 2781 1467 pon-

622 1454 782 1525 dere
809 1453 1184 1555 sacerdotes
1221 1453 1512 1546 capiunt.
1550 1454 1694 1522 Nec
1730 1466 1883 1519 ante
1924 1453 2207 1521 mercari
2238 1450 2442 1522 licet:
2472 1454 2678 1523 -'inde
2661 1482 2781 1524 ιιιι-

622 1586 844 1656 pensae
869 1559 1154 1655 publicae
1177 1557 1571 1628 tolerantur.
1592 1550 1770 1628 Nam
1789 1572 1856 1626 et
1872 1558 2160 1653 benigne
2174 1573 2363 1627 certo
2392 1550 2778 1631 itinerum²³

621 1692 904 1735 numero
942 1670 1128 1736 Deus
1163 1666 1458 1761 hospites
1502 1665 1729 1761 pascit.
1770 1664 1986 1732 Evehi
2018 1690 2153 1733 non
2184 1680 2441 1760 potest,
2484 1669 2613 1737 nisi
2654 1692 2784 1763 per

625 1771 1026 1867 Gebanitas²
1005 1759 1109 1813 ²·⁴

1094 1773 1368 1866 .itaque
1397 1786 1464 1841 et
1503 1771 1749 1840 horum
1782 1772 1924 1866 regi
1963 1772 2277 1865 penditur
2314 1773 2616 1869 vectigal.
2656 1777 2787 1845 Ca-

621 1895 747 1977 put
773 1904 1005 1979 eorum
1049 1878 1360 1979 Thomna
1396 1878 1587 1947 abest
1614 1902 1655 1947 a
1692 1880 1879 1947 Gaza
1908 1880 2118 1948 nostri
2163 1878 2455 1949 littoris
2437 1906 2507 1950 ιιι
2548 1885 2586 1950 J
2590 1881 2785 1953 udaea

622 1986 872 2082 oppido
913 2010 1081 2056 xmv
1130 2009 1343 2055 xxxvi
1389 1984 1595 2055 millia
1647 1970 2029 2080 passuum²⁵
2048 2038 2067 2071 ‚
2109 1986 2292 2081 quod
2346 1987 2729 2056 dividitur
2709 2015 2783 2057 m

624 2095 1002 2163 mansiones
1019 2091 1427 2163 camelorum
1457 2117 1647 2163 va.
1670 2094 1845 2161 Sunt
1864 2106 1935 2161 et
1960 2117 2107 2185 quae
2138 2092 2595 2163 sacerdotibus
2626 2094 2789 2165 dan·

626 2314 911 2369 Cisconius
950 2316 1046 2369 lib.
1077 2314 1146 2367 de
1172 2314 1405 2369 Ponder.
1443 2334 1501 2387 p.
1542 2306 1653 2382 4²3⁸

626 2396 898 2467 Agricola,
917 2394 1012 2448 lib.
1029 2396 1114 2447 IV
1136 2394 1205 2447 de
1220 2392 1394 2448 Pond.
1419 2415 1473 2466 p.
1509 2402 1611 2459 104
1638 2433 1655 2462 ,

627 2488 682 2527 et
714 2476 949 2528 Mariana
987 2474 1086 2527 lib.
1126 2473 1195 2526 de
1229 2473 1401 2526 Pond.
1441 2492 1498 2545 p.
1547 2477 1656 2541 66,

625 2554 872 2617 XX1X‚·
899 2554 1302 2619 Hotomannus,
1344 2553 1438 2606 lib.
1477 2550 1548 2604 de
1579 2554 1658 2609 Re

627 2634 910 2687 Nummar.
953 2650 1075 2703 pag.
1124 2650 1148 2684 1
1167 2638 1266 2697 ι4,
1297 2645 1351 2685 et
1379 2632 1660 2687 Pintianus

628 2712 896 2765 XXXIII
929 2729 1190 2782 reponere
1244 2712 1509 2767 nituntur.
1552 2712 1659 2767 Sed

629 2794 788 2845 minae
815 2810 948 2845 voce
963 2790 1100 2855 ,hoc
1121 2790 1245 2843 loeo
1269 2791 1502 2857 Plinius,
1525 2804 1583 2845 ut
1599 2792 1657 2845 in

628 2872 902 2945 prioribus
941 2869 1079 2923 notis
1132 2870 1513 2937 indicavimus,
1559 2890 1659 2941 pro

627 2951 766 3005 libr'a
784 2968 1006 3004 romana
1023 2950 1258 3003 abutitur
1279 2969 1292 3002 ε
1312 2968 1413 3002 nec
1433 2950 1661 3003 Atticam

630 3032 899 3103 intelligit,
914 3047 1034 3100 quse
1052 3042 1266 3082 centum
1281 3028 1661 3083 drachmarum

634 3111 738 3165 fuit
782 3130 796 3163 :
849 3112 1000 3181 cujus
1053 3109 1206 3163 tertia
1256 3127 1380 3181 pars
1425 3107 1662 3181 proinde

635 3191 902 3244 drachmae
946 3206 1133 3241 xxxxu
1178 3190 1344 3243 fuere.
1388 3188 1476 3243 Sic
1516 3186 1664 3241 idem

632 3270 732 3323 lib.
753 3270 910 3334 XIV,
929 3288 1049 3339 cap.
1075 3285 1164 3331 at,
1183 3287 1315 3340 quas
1337 3270 1490 3320 mellis
1503 3269 1663 3321 decem

636 3350 786 3403 libras
803 3390 819 3415 ‚
849 3349 917 3403 ad
947 3348 1188 3417 oxymeli
1227 3347 1663 3401 concinnandum

634 3430 896 3503 postulat,
915 3429 1012 3483 has
1033 3427 1146 3497 ipse
1173 3426 1268 3479 lib.
1300 3428 1519 3494 xxm,
1543 3447 1659 3498 cap.

645 3530 739 3581 29,
755 3510 906 3563 mallis
931 3510 1087 3563 minas
1113 3507 1272 3560 decem
1291 3506 1541 3579 appellat.
1570 3506 1639 3561 H.

727 3608 815 3657 19.
845 3586 1132 3641 Alexandro
1152 3586 1358 3657 Magno·
1384 3588 1505 3643 Hoc
1546 3587 1664 3641 toti-

637 3668 761 3723 dem
786 3668 961 3722 verbis
977 3667 1292 3721 Plutarchus
1310 3668 1368 3721 in
1380 3666 1663 3740 Apophth.

635 3768 757 3821 pag.
789 3764 918 3819 179.
943 3746 1119 3799 Ham).

725 3847 816 3880 so.
838 3827 1041 3881 Sabota.
1077 3826 1158 3879 Τὰ
1187 3824 1420 3893 Σάὸοτα,
1463 3824 1575 3884 vel,
1606 3838 1668 3880 ut

641 3921 823 3961 auctor
847 3896 1140 3977 Peripliflt&
1155 3903 1418 3971 Σάὃὸοιθα,
1437 3924 1667 3958 numero

639 3985 1014 4047 multitudinis.
1049 3982 1180 4038 vid.
1209 3986 1323 4053 VI,
1354 3985 1447 4039 32.
1479 3986 1667 4039 Esau.

725 4087 818 4121 αι.
843 4064 1062 4135 Degreds‘
1089 4067 1194 4118 via.
1221 4064 1363 4118 Bene
1394 4066 1510 4117 MS.
1535 4066 1665 4137 Reg.

568 4135 571 4137 .
645 4166 667 4201 1
687 4188 704 4215 ,
727 4161 781 4202 et
807 4146 921 4201 hec
955 4156 1034 4199 est
1057 4156 1208 4199 vetus
1232 4145 1492 4216 scriptura
1512 4181 1528 4204 .
1555 4162 1666 4196 non

1740 2314 1954 2387 digredi,
1971 2326 2032 2368 ut
2049 2316 2232 2370 ferunt
2244 2315 2408 2371 Hard.
2426 2316 2578 2373 editt.
2604 2320 2786 2377 Bao-r.

1828 2414 1921 2449 22.
1965 2396 2092 2449 Deo.
2133 2398 2312 2450 Solem
2350 2398 2422 2451 ait
2460 2418 2571 2452 esse
2602 2400 2789 2454 Theo-

1746 2472 1951 2547 phrast.
1978 2475 2113 2528 Hist.
2147 2477 2229 2531 Pl.
2269 2478 2381 2545 Ix,
2407 2484 2459 2541 4.
2482 2480 2672 2533 Jovem
2702 2492 2789 2534 ta·-

1748 2572 1873 2607 men
1896 2556 2046 2608 hunc
2074 2556 2377 2645 intelligunt
2396 2558 2590 2629 aliqui,
2611 2572 2665 2612 et
2686 2560 2791 2615 As-

1747 2619 1995 2687 sabinum
2027 2638 2244 2702 vocant,
2266 2638 2444 2691 Plinio
2469 2650 2629 2705 teste,
2656 2658 2785 2711 cap.

1750 2712 1841 2777 43.
1877 2712 2060 2768 Ham).
2105 2748 2186 2759 --
2222 2716 2346 2771 Non
2380 2716 2649 2783 decimas,
2688 2720 2789 2773 sed

1748 2793 1959 2847 tertiam
1990 2808 2196 2867 partem
2226 2798 2343 2850 Deo
2376 2796 2671 2853 sacerdotes
2698 2818 2792 2853 ca·

1746 2891 1877 2944 pere
1898 2887 2085 2926 auctor
2114 2888 2193 2927 est
2212 2876 2490 2948 Theophr.
2512 2876 2651 2933 ibid.
2672 2879 2791 2935 En.

1835 2952 1927 3013 23.
1954 2954 2205 3009 [cinerum.
2238 2956 2395 3009 MSS.
2427 2976 2647 3024 omnes,
2690 2960 2793 3011 ite·

1751 3050 1874 3083 rum.
1927 3030 2201 3087 Sententia
2249 3047 2328 3088 est
2377 3048 2522 3089 certo
2570 3036 2791 3092 dierum

1750 3128 1981 3163 numero
2021 3118 2362 3179 mercatores,
2405 3116 2498 3187 qui
2540 3116 2662 3169 thus
2695 3139 2792 3172 ve·

1750 3187 1923 3255 hunt,
1966 3208 2068 3261 pro
2101 3192 2333 3264 hospitio
2378 3194 2459 3248 uti
2492 3192 2700 3249 aedibus
2734 3200 2790 3253 ei

1750 3270 1868 3321 Deo
1896 3270 2055 3322 sacris
2070 3272 2456 3346 ,ejusdemque
2482 3276 2791 3348 sumptibus

1750 3348 1826 3401 ibi
1850 3348 1936 3401 ali.
1964 3310 2145 3403 Hnin.

1837 3436 1929 3493 ²4·
1971 3428 2256 3485 Gebam‘tas.
2297 3432 2576 3488 Gebanitoe
2616 3456 2791 3507 porro

1752 3521 1903 3573 sunt,
1936 3509 2028 3581 qui
2056 3512 2172 3565 aliis
2199 3512 2457 3567 Gebalitae
2494 3512 2791 3583 dicuntur,

1752 3587 1819 3639 ab
1848 3588 2053 3659 oppido
2084 3590 2292 3645 Gebala.
2310 3592 2437 3647 vid.
2469 3594 2639 3649 Sat-x.
2660 3616 2787 3671 pag.

1758 3672 1885 3735 494.
1910 3668 2014 3722 En.
2039 3699 2118 3712 ——-
2150 3672 2230 3724 De
2258 3672 2342 3725 bis
2370 3686 2424 3727 ct
2449 3671 2518 3726 de
2535 3675 2793 3731 Thomna

1750 3745 1956 3820 'oppido
1978 3747 2179 3819 egimus
2201 3752 2647 3816 V1,32.11nm.

1841 3826 1933 3879 25.
1988 3828 2146 3881 Abest
2184 3851 2216 3881 a
2260 3830 2501 3887 Gaza...
2554 3834 2799 3889 XLIV

1757 3904 2028 3959 XXXVI
2054 3909 2208 3961 millia
2236 3932 2485 3984 passuum.
2518 3914 2603 3967 Ita
2628 3914 2789 3971 MSS.

1756 4002 1965 4041 omnes.
2016 3986 2133 4041 Hoc
2187 4003 2299 4055 est,
2356 3991 2673 4066 quadragies
2737 4010 2793 4050 et

1758 4077 1945 4136 quater
1959 4079 2200 4133 centena,
2219 4089 2282 4124 ac
2313 4072 2527 4144 triginta
2550 4092 2641 4129 sex
2664 4076 2793 4129 mil-

1756 4142 1827 4196 lia
1850 4164 2119 4215 passuum.
2148 4146 2325 4203 Hmn.
