2984 5009
593 466 690 552 64
1141 464 1221 532 c
1268 463 1614 533 PLINII
1661 464 1881 533 NAT.
1931 464 2194 533 HIST.

597 624 914 697 cupresso
947 596 1110 667 fusae
1157 582 1472 666 similem³
1490 651 1511 684 ,
1558 594 1873 666 exalbidis
1927 599 2163 684 ramis,
2202 597 2482 690 jucundi
2520 599 2756 670 odoris

596 730 978 787 accensam,
1008 718 1077 774 et
1101 728 1256 773 cum
1281 702 1603 773 miraculo
1634 692 1965 773 historiis⁴
1993 701 2257 773 Claudii
2283 706 2560 775 Caesaris
2587 733 2759 802 prae·

595 814 902 885 dicatam.
945 811 1128 881 Folia
1163 811 1305 905 ejus
1349 812 1733 906 inspergere
1771 810 2157 905 potionibus
2196 811 2479 881 Parthos
2520 813 2751 884 tradit.

597 920 896 990 Odorem
949 944 1090 989 esse
1144 918 1523 1013 proximum
1580 916 1821 1002 cedm,
1868 917 2258 1011 fumumque
2304 944 2341 987 e
2367 943 2446 988 us
2508 935 2757 989 contra

597 1013 824 1122 ligna⁵
877 1023 1004 1095 alia
1055 1025 1367 1094 remedio.
1413 1023 1729 1094 Nascitur
1754 1024 1931 1095 ultra
1968 1024 2325 1119 Pasitigrin
2398 1026 2467 1093 in
2504 1025 2759 1097 finibus

597 1132 828 1230 oppidi
860 1134 1124 1202 Sittacae
1154 1132 1222 1199 in
1269 1146 1501 1201 monte
1530 1134 1769 1225 Zagro.

703 1242 851 1309 XL.
879 1242 1123 1308 Petunt
1153 1252 1221 1307 et
1245 1239 1313 1306 in
1350 1240 1721 1308 Carmanos
1757 1238 2067 1307 arborem
2101 1236 2441 1307 sti-obum'
2488 1238 2575 1307 ad
2611 1240 2756 1309 suf-

598 1348 790 1435 fitus,
811 1346 1146 1441 perfusam
1175 1346 1334 1414 vino
1362 1343 1627 1440 palmeo
1653 1344 2113 1416 accendentes.
2142 1345 2357 1438 Hujus
2386 1344 2554 1415 odor
2579 1345 2765 1417 redit

600 1478 642 1524 a
669 1454 952 1524 cameris
987 1450 1073 1519 ad
1109 1449 1325 1521 solum
1355 1450 1723 1545 jucundus,
1758 1450 1873 1520 sed
1900 1474 2271 1571 aggravans
2298 1454 2551 1547 capita,
2586 1454 2763 1523 citra

599 1559 901 1630 dolorem
940 1573 1181 1627 tamen.
1225 1560 1372 1627 Hoc
1412 1578 1724 1627 somnum
1775 1559 1965 1653 aegris
2007 1572 2333 1653 quaerunt.
2388 1560 2508 1627 His
2565 1584 2764 1629 com-

603 1667 865 1738 merciis
914 1661 1244 1735 Carrhas²
1289 1663 1615 1759 oppidum
1654 1689 2008 1759 aperuere,
2062 1664 2242 1759 quod
2278 1679 2381 1734 est
2416 1664 2543 1735 illis
2578 1691 2764 1735 nun-

603 1756 996 1843 dinarium³.
1035 1770 1202 1840 Inde
1223 1757 1569 1841 Gabbam⁴
1597 1796 1830 1841 omnes
1864 1786 2095 1865 petere
2127 1770 2458 1860 solebant,
2494 1772 2765 1844 dierum

604 1964 752 2017 Pers.
788 1961 1004 2029 Comser.
1039 1951 1223 2029 Juss.)
1255 1959 1404 2027 Quid
1435 1959 1506 2013 de
1528 1960 1634 2014 hae
1722 1960 2032 2033 frequenter
2064 1962 2299 2017 botanici
2326 1962 2503 2016 Patres
2532 1964 2772 2037 cespita-

605 2046 789 2116 planta
820 2041 1020 2095 dicturi
1047 2038 1400 2107 sumus,'vid.
1430 2038 1499 2093 ad
1534 2041 1635 2095 lib.
1724 2042 1934 2107 verint,
1964 2061 2131 2113 quum
2162 2042 2354 2095 nostris
2384 2044 2545 2098 etiam
2568 2044 2769 2099 diebus

608 2124 830 2189 XXIV,
857 2140 974 2194 cap.
1004 2125 1096 2175 61.
1127 2121 1234 2174 En.

695 2204 752 2257 3.
767 2202 1018 2297 ‘Cupi-esso
1038 2203 1189 2269 [ωας.
1215 2200 1541 2259 Pumilioni‚
1561 2212 1643 2255 at-

611 2302 718 2356 que
766 2282 825 2335 in
871 2280 1208 2335 latitudinem
1265 2282 1433 2350 magis
1483 2280 1643 2345 fusae,

615 2383 778 2437 quam
809 2362 865 2415 in
890 2361 1119 2415 sublime
1145 2361 1310 2414 elatoe.
1331 2358 1518 2413 Ham).

700 2450 754 2508 4.
772 2442 1023 2495 Historiis.
1034 2442 1179 2505 Quas
1195 2436 1449 2492 Claudius
1471 2438 1645 2490 Caesar

617 2524 852 2595 scripsit,
886 2533 946 2575 ut
977 2519 1208 2574 diximus
1247 2519 1306 2571 in
1349 2519 1647 2571 Auctorum

619 2602 820 2657 Indice.
851 2600 1039 2655 lium.

705 2682 758 2736 5.
792 2682 980 2735 Contra
1004 2680 1156 2750 ligna.
1192 2677 1440 2744 Quorum
1472 2676 1647 2748 gravis

620 2760 984 2831 exitiosusque
1007 2760 1185 2811 fumus
1211 2776 1225 2810 :
1251 2770 1312 2810 ut
1337 2769 1464 2810 sunt
1479 2757 1648 2828 ipsius

623 2842 856 2913 myrrha
871 2849 1153 2892 sarmenta.
1175 2838 1356 2891 Hsan.

706 2924 762 2975 6.
789 2920 1079 2989 Pasitigrim.
1113 2918 1194 2971 De
1233 2916 1513 2988 Pasitigri,
1549 2916 1651 2971 Sit-

623 3012 738 3055 tace
755 3012 810 3055 et
834 3002 1001 3070 Zagro
1021 3037 1037 3064 ,
1063 2998 1170 3055 v1‚
1207 2996 1301 3050 31.
1323 2998 1505 3050 Haan.

706 3081 821 3133 XL.
857 3099 907 3133 1.
931 3077 1172 3131 Sembum.
1195 3077 1259 3129 In
1281 3074 1461 3130 indice
1488 3077 1652 3146 hujus

624 3160 781 3225 libri,
815 3178 876 3212 ex
909 3157 1060 3211 MSS.
1101 3157 1378 3223 omnibus,
1407 3155 1651 3210 Stobi-um.

625 3238 892 3293 Haan.-—
901 3239 1037 3303 Quae
1048 3238 1115 3290 sit
1124 3236 1336 3290 strobus
1347 3236 1523 3299 arbor,
1539 3254 1653 3289 non

587 3320 596 3327 '
625 3318 780 3373 facile
800 3317 1107 3391 dignoscas3
1126 3332 1294 3387 quum
1315 3328 1499 3369 notam
1516 3334 1654 3388 prai-

627 3410 711 3453 ter
732 3398 949 3471 patriai,
969 3396 1170 3451 nullam
1186 3434 1203 3462 ,
1225 3408 1285 3449 ut
1305 3395 1414 3448 fere
1439 3395 1574 3448 solet
1591 3396 1652 3447 in

629 3478 849 3533 exoticis
871 3518 888 3546 ,
937 3476 1144 3531 arboris
1193 3475 1402 3529 nomini
1445 3474 1653 3528 Plinius

629 3557 882 3631 adjungat
921 3576 934 3611 ε
974 3556 1106 3620 nisi,
1148 3553 1296 3627 quod
1336 3553 1407 3608 ad
1441 3556 1655 3608 suffitus

629 3638 900 3692 faciendos
911 3638 1213 3708 petebatur,
1237 3633 1365 3688 inde
1380 3634 1655 3707 quoddam

631 3716 702 3771 ad
739 3734 908 3787 genus
947 3717 1283 3784 Cone‘serarum
1321 3732 1438 3768 eam
1491 3714 1657 3787 perti·

631 3796 810 3850 nuisse
848 3796 1114 3867 conjicias.
1159 3796 1426 3849 Ceterum
1455 3794 1553 3848 ubi
1588 3792 1659 3847 de

633 3876 828 3949 plantis
851 3876 1068 3928 exoticis
1099 3874 1299 3946 agitur,
1330 3873 1659 3928 iudicatione

635 3957 822 4027 patria.-
855 3954 992 4007 nihil
1036 3952 1181 4027 apud
1219 3955 1442 4009 Veteres
1483 3954 1659 4008 incer·

633 4036 760 4090 tius.
789 4034 874 4088 Ne
891 4032 1101 4087 mireris
1125 4047 1301 4087 tamen
1322 4032 1471 4105 quod
1493 4034 1553 4087 in
1573 4052 1659 4087 ar-

531 4130 534 4135 ·
632 4116 854 4170 boribus
869 4114 1154 4185 herbisque
1175 4112 1538 4168 describendis
1552 4126 1663 4168 tam

1728 2121 1956 2173 minime
1998 2133 2199 2176 constet
2232 2120 2380 2175 unde
2410 2124 2771 2178 usitatissimo

1730 2218 1816 2253 res
1856 2201 2066 2266 multae,
2098 2202 2281 2254 multis
2322 2203 2519 2256 abhinc
2549 2206 2771 2259 saeculis

1732 2280 1789 2332 in
1804 2280 2078 2351 Europam
2089 2280 2421 2334 advehuntur
2433 2322 2450 2349 ,
2468 2300 2519 2335 e.
2536 2303 2581 2337 c.
2597 2284 2766 2351 kino,

1733 2355 1999 2411 bdellium
2016 2397 2033 2423 ,
2050 2360 2266 2430 myrrha
2281 2400 2297 2426 ,
2318 2373 2421 2415 etc.
2444 2363 2519 2415 ita
2534 2403 2550 2429 ,
2567 2376 2629 2417 ut
2640 2364 2775 2436 qui·

1734 2438 1836 2491 bus
1870 2456 1933 2491 ex
1963 2439 2245 2492 arboribus
2282 2443 2599 2511 proveniant
2615 2484 2630 2510 ,
2657 2463 2774 2516 qua

1736 2518 1792 2571 in
1814 2518 2031 2588 regione
2059 2524 2325 2585 crescant,
2343 2521 2449 2574 viri
2469 2522 2548 2575 rei
2568 2523 2773 2579 herba·

1735 2598 1829 2650 riae
1848 2598 2152 2668 peritissimi
2176 2612 2324 2653 certo
2344 2600 2433 2653 vix
2454 2600 2654 2656 indicio
2675 2603 2777 2657 de·

1735 2690 2051 2731 monstrent.
2094 2680 2177 2731 De
2215 2680 2398 2733 strobo
2436 2682 2574 2734 nihil
2618 2682 2775 2755 apud

1735 2757 2174 2830 Theophrastum
2191 2796 2207 2823 ,
2226 2759 2362 2811 nihil
2379 2760 2525 2832 apud
2546 2763 2778 2817 Diosco-

1736 2835 1912 2891 ridem
1932 2837 2251 2891 invenimus.
2274 2838 2379 2892 En.

1824 2935 1876 2969 2.
1924 2916 2157 2970 Carrhas.
2195 2916 2626 2990 Mesopotamiae‚
2655 2921 2777 2977 sive

1740 2996 1980 3062 Arabiae,
1998 3008 2061 3049 ut
2071 2996 2271 3052 dictum
2291 3009 2369 3051 est
2382 3000 2452 3062 V,
2473 3020 2501 3053 2
2515 3018 2563 3053 ι.
2580 3000 2777 3055 Hum.

1825 3075 1878 3130 3.
1921 3076 2299 3131 Nundinan'um.
2344 3078 2613 3135 Nundinia
2659 3081 2779 3135 fre·-

1741 3174 1911 3228 quens
1936 3175 1999 3210 ac
2024 3158 2249 3211 celebre.
2279 3160 2414 3211 Du..
2451 3190 2535 3201 —-
2572 3160 2643 3212 Et
2668 3161 2779 3217 lib.

1741 3236 1906 3302 VIII,
1938 3255 2058 3308 cap·
2088 3256 2198 3308 77:
2242 3262 2267 3287 ι
2288 3238 2465 3291 forum
2501 3238 2781 3295 nundina-

1738 3316 1911 3380 rium,
1946 3342 1969 3364 ι
2018 3314 2184 3371 dixit:
2226 3344 2250 3367 ι
2279 3318 2464 3390 epulas
2500 3318 2781 3374 nundina·

1740 3395 1873 3461 rias,
1892 3421 1914 3442 ι
1934 3396 2227 3468 Ulpianus:
2243 3398 2477 3466 Plautus,
2493 3424 2517 3447 ι
2534 3418 2781 3471 coquum

1740 3474 2106 3529 nundinalem.
2125 3500 2149 3524 ι
2186 3478 2367 3531 Ham).

1828 3562 1881 3621 4.
1902 3556 2025 3609 Inde
2042 3556 2285 3611 Gabbam.
2304 3558 2385 3612 Ita
2412 3558 2538 3612 libri
2558 3577 2779 3627 omnen

1746 3634 1814 3689 de
1841 3654 1930 3702 ea,
1957 3637 2031 3702 V,
2069 3640 2167 3703 163
2194 3635 2263 3689 de
2288 3638 2564 3695 Palaestina
2587 3640 2783 3713 Syria,

1745 3733 1866 3787 cap.
1895 3734 1919 3769 1
1934 3723 1965 3780 4
1985 3736 2000 3782 ;
2019 3714 2087 3769 de
2100 3718 2337 3771 Charace
2354 3719 2462 3784 VI,
2484 3720 2514 3773 3
2529 3738 2579 3773 1.
2600 3720 2781 3773 Hero-

1745 3794 1857 3849 dot.
1878 3796 1979 3849 lib.
2000 3796 2114 3859 111,
2143 3797 2335 3851 Thalia
2352 3839 2368 3865 ,
2396 3818 2449 3869 p.
2476 3817 2579 3852 ποι
2606 3816 2619 3851 :
2643 3791 2784 3871 Api-

1746 3872 1841 3927 Θιοι
1864 3871 1924 3928 δὲ
1944 3878 2083 3945 χίλια.
2104 3879 2334 3932 τάλαντα
2358 3881 2543 3949 ἀγίνεον
2562 3876 2783 3933 >4⁸ssan-

1747 3960 1832 4008 τοῦ
1880 3956 1975 4009 ἀνὰ
2020 3958 2124 4010 πᾶν
2182 3958 2309 4019 ἔτος.
2360 3959 2526 4012 Dario
2578 3976 2782 4031 nempe

1747 4033 2031 4089 Persarum
2074 4036 2189 4108 regi
2217 4036 2278 4089 id
2318 4038 2542 4109 vectigal
2577 4040 2803 4114 Arabes,

1749 4115 2101 4184 pensitabant.
2130 4118 2310 4171 Hsan.
