2984 5009
1004 458 1325 525 LIBER
1378 459 1592 526 XVI.

2217 417 2312 531 5⁸8
2337 486 2355 530 ι

228 588 487 657 tantum
542 586 789 656 brevia.
846 588 1179 659 Omnibus
1230 614 1389 659 vero
1435 615 1476 659 a
1527 590 1706 661 nodo
1757 616 1941 678 orsa,
2017 592 2369 688 complexu

230 708 461 763 tenues
518 718 640 789 per
692 694 1014 763 ambitum
1058 696 1385 766 inducunt
1438 699 1694 767 tunicas
1737 722 1754 765 ε
1807 712 2007 793 atque
2063 725 2101 767 a
2147 699 2369 769 medio

229 800 605 869 internodio
628 824 833 895 quum
864 800 1224 931 plurimum
1252 803 1564 873 desinunt
1597 806 1871 891 vestire,
1891 812 2369 900 procumbunt-

226 930 373 1000 que.
424 909 669 976 Latera
712 893 1089 977 arundini*
1130 908 1582 1005 calamoque
1565 936 1632 979 ιη
1671 912 2074 981 rotunditate
2091 909 2138 952 ¹⁷
2180 913 2371 1001 bina,

226 1036 431 1107 super
460 1012 673 1083 nodos
698 1013 956 1084 alterno
980 1040 1242 1112 semper
1268 1018 1580 1113 inguine,
1613 1032 1687 1087 ut
1704 1020 1985 1087 alterum
2015 1016 2102 1087 ad
2133 1018 2370 1091 dextra

224 1119 373 1207 fiat,
419 1119 701 1190 alterum
741 1123 1085 1216 superiore
1120 1122 1426 1216 geniculo
1459 1122 1544 1192 ad
1593 1122 1758 1194 laeva
1803 1148 1924 1219 per
1963 1127 2162 1194 vices.
2205 1125 2372 1239 Inde

225 1233 475 1295 exeunt
498 1226 850 1322 aliquando
882 1231 1087 1312 rami,
1126 1232 1241 1325 qui
1268 1246 1425 1301 sunt
1450 1230 1686 1299 calami
1715 1245 1969 1301 tenues,

332 1336 583 1403 LXVI.
624 1332 823 1403 Plura
859 1350 1079 1405 autem
1115 1336 1416 1431 genera¹.
1462 1335 1602 1406 Alia
1643 1338 1932 1433 spissior,
1975 1338 2370 1435 densiorque

228 1439 592 1533 geniculis,
632 1440 945 1511 brevibus
985 1444 1429 1513 internodiis.
1474 1442 1600 1513 alia
1649 1442 1922 1530 rarior²‚
1969 1446 2374 1539 majoribus3

228 1548 625 1641 tenuiorque
666 1562 732 1617 et
774 1550 935 1681 ipsa.
983 1548 1297 1619 Calamus
1333 1576 1497 1620 vero
1537 1536 1744 1621 alius³
1783 1568 1962 1621 totus
1999 1577 2333 1624 concavus
2356 1610 2374 1640 ‚

230 1678 429 1747 quem
491 1642 893 1749 syringiam⁶
950 1673 1234 1742 vocant,
1280 1657 1664 1729 utilissimus
1717 1658 1992 1747 fistulis,
2056 1664 2372 1755 quoniam

994 1856 1259 1911 Arundini

234 1936 465 2007 vulgari,
492 1936 697 2009 inquit,
726 1951 781 1991 et
802 1938 1029 2003 calamo,
1068 1938 1121 1991 in
1166 1957 1257 1992 sua

232 2012 593 2079 rotunditate,
628 2016 739 2070 duo
776 2031 903 2071 sunt
942 2019 1106 2071 latera
1136 2036 1151 2071 :
1196 2036 1259 2071 ex

236 2110 463 2167 utroque
493 2097 659 2151 latere
694 2098 819 2151 folia
846 2098 925 2151 uti
950 2116 1014 2151 ex
1041 2096 1260 2169 inguine

232 2176 435 2230 alterna
448 2176 566 2230 vice
582 2190 780 2231 exeunt
793 2198 809 2231 ε
831 2196 861 2230 a
884 2176 1075 2231 dextro
1096 2180 1260 2232 latere

230 2255 290 2309 in
338 2256 595 2311 inferiore
624 2256 770 2311 nodo
787 2300 803 2322 ‚
848 2258 958 2311 sive
1014 2258 1259 2330 geniculo

234 2336 461 2389 alterum
478 2376 495 2402 ,
518 2338 745 2391 alterum
770 2359 799 2392 a
826 2338 959 2393 laevo
986 2338 1174 2403 latere,
1202 2339 1259 2391 in

233 2416 512 2487 superiore
524 2416 697 2471 nodo:
718 2436 779 2471 ae
798 2417 1053 2489 deinceps
1072 2419 1147 2471 ita
1164 2436 1263 2491 per

233 2496 395 2549 vices.
415 2496 694 2570 Theophr.
716 2497 851 2553 nist.
874 2498 970 2551 lib.
992 2500 1101 2563 VI,
1141 2517 1259 2570 cap.

240 2596 301 2640 τι,
336 2574 408 2629 de
438 2578 606 2631 ferula
634 2579 875 2632 similiter
900 2596 913 2631 :
938 2578 1183 2639 Βλαςάνιι
1205 2576 1264 2633 δὲ

234 2656 499 2728 παραλλὰξ
520 2660 589 2711 τὰ
624 2662 796 2729 φύλλα·
821 2660 952 2730 λέγω
984 2654 1043 2712 δὲ
1066 2666 1262 2730 παραλ-

232 2738 327 2801 λὰξ
346 2775 363 2803 ‚
416 2738 492 2791 ὅτι
531 2740 615 2791 οὐκ
658 2740 713 2791 ἐκ
756 2745 845 2791 τοῦ
900 2741 1049 2791 αὐτοῦ
1093 2740 1261 2809 μέρους

234 2826 337 2870 τῶν
358 2818 579 2888 γονάτων
598 2857 614 2884 ,
645 2818 751 2871 ἀλλ’
775 2818 995 2881 ὄναλλσίξ·
1022 2826 1265 2885 περικλη-

236 2899 371 2967 φότει
394 2894 457 2950 δῖ
479 2900 561 2952 τὸν
582 2900 757 2951 καυλὸν
776 2900 861 2953 ἐπὶ
872 2899 1016 2952 πολὺ,
1042 2898 1263 2970 καθάπιρ

236 2978 307 3030 τὰ
334 2982 420 3031 τοῦ
454 2980 698 3049 καλάμου.
738 3005 759 3026 ι
788 2978 938 3031 Folia
962 2978 1265 3032 alternatim

236 3072 529 3130 erumpunt
561 3078 591 3113 e
614 3058 871 3130 geniculis
909 3078 923 3109 ε
968 3059 1266 3113 alternatim

236 3137 397 3203 dico,
432 3138 579 3208 quod
616 3158 725 3191 non
764 3158 826 3191 ex
867 3136 1055 3191 eodem
1106 3139 1268 3193 latere

315 1874 340 1907 ι
353 1859 411 1909 6.
469 1856 651 1909 Latera
707 1858 953 1912 arundini.

236 3218 611 3289 geniculorum
653 3232 847 3273 exeunt
870 3256 887 3279 ,
931 3218 1025 3271 sed
1056 3236 1273 3290 permn-

240 3298 365 3351 tatis
386 3297 592 3351 vicibus
639 3316 652 3350 ε
699 3298 1013 3370 caulemque
1042 3299 1270 3352 maxima

242 3392 395 3450 perte
430 3378 867 3449 complectuntur
896 3418 913 3445 ‚
952 3391 1013 3432 ut
1047 3376 1271 3431 arundi-

238 3478 458 3513 nsces.·
490 3458 671 3512 Halm.

330 3558 424 3611 17.
438 3539 773 3591 Ratun-«litate.
798 3539 885 3592 Sic
905 3556 969 3591 ex
990 3539 1149 3591 MSS.
1168 3556 1273 3591 em.

242 3616 415 3672 Hard-
444 3636 591 3672 cons.
621 3620 721 3673 Ch.
739 3619 1081 3671 rotunditatem
1102 3618 1274 3672 Gron.

246 3711 305 3752 et
324 3698 413 3751 Al.
442 3698 549 3752 En.

1346 1875 1419 1929 pe
1441 1898 1455 1923 ,
1501 1856 1593 1912 sed
1623 1856 1911 1929 majoribus
1939 1858 2274 1912 internodiis.
2304 1862 2374 1915 H.

1432 1938 1484 1991 3.
1517 1938 1748 1992 Calamus
1779 1958 1894 1991 vero
1927 1939 2081 2001 alius,
2123 1950 2226 1993 etc.
2261 1940 2398 1993 Fal·-

1347 2037 1465 2071 snm
1510 2016 1568 2071 id
1612 2038 1720 2072 esse
1769 2018 2098 2089 apertissime
2141 2018 2374 2075 ostendit

1346 2098 1563 2151 historia
1587 2098 1863 2167 Theophr.
1895 2096 1965 2150 de
2007 2098 2374 2154 Orchomenio

1346 2178 1569 2231 calamo.
1601 2178 1809 2231 Plinius
1843 2178 1956 2231 haec
1989 2178 2126 2229 mire
2161 2190 2375 2250 pertur-

1346 2259 1453 2311 bat.
1480 2257 1657 2329 Lego,
1691 2284 1712 2305 .
1767 2258 2013 2311 Calamus
2059 2276 2186 2311 vero
2215 2260 2374 2313 alius

1347 2336 1744 2391 Orchomenius
1757 2350 1898 2390 totus
1909 2356 2172 2391 concavus
2182 2378 2198 2403 ‚
2212 2356 2376 2411 quem

1346 2418 1640 2491 syn-ingiam
1657 2430 1875 2480 vocant,
1899 2418 2208 2471 utilissimus
2231 2418 2376 2473 fistu-

1348 2498 1434 2559 lis,
1454 2498 1706 2569 quoniam
1730 2496 1866 2549 nihil
1887 2509 1966 2550 est
1988 2498 2036 2549 ei
2059 2498 2380 2571 cartilaginis

1348 2590 1509 2649 atque
1551 2578 1725 2631 carnis
1753 2616 1769 2643 ,
1816 2578 2072 2631 continuo
2119 2578 2378 2632 foramine

1348 2659 1583 2729 pervius.
1652 2658 1830 2723 Quem
1893 2676 2022 2709 vero
2077 2659 2342 2712 auleticon
2362 2698 2377 2724 ,

1350 2752 1451 2791 etc.
1481 2764 1504 2785 ι·
1535 2739 1744 2791 Diuo.

1434 2825 1487 2883 4.
1527 2818 1824 2891 Syr-fugiam.
1848 2816 1965 2871 Hoc
1993 2830 2073 2871 est
2090 2856 2106 2883 ‚
2138 2830 2200 2871 ut
2217 2810 2380 2873 habe·

1352 2912 1447 2952 tur
1474 2898 1530 2950 in
1563 2898 1750 2951 Indice
1791 2898 1918 2951 libri
1949 2899 2141 2970 hujus,
2175 2898 2378 2969 sustula-

1353 2982 1545 3032 ton‘um.
1567 2978 1794 3032 Fistulas
1814 2996 1844 3031 e
1865 2979 2082 3032 calamis
2106 2982 2379 3051 compingi

1352 3060 1533 3111 solitas
1583 3056 1778 3111 docent
1834 3057 1892 3110 in
1941 3059 2130 3130 primis
2188 3071 2380 3129 poeta.

1354 3136 1737 3191 Ovid.Metam.
1761 3138 1856 3189 lib.
1875 3138 1903 3187 1
1918 3157 1995 3201 ,v.
2015 3136 2114 3208 705
2137 3157 2150 3189 ε
2179 3160 2200 3181 ι
2223 3141 2387 3192 Pana·

1356 3232 1463 3290 que
1475 3256 1490 3282 ,
1506 3234 1674 3288 quum
1693 3234 1942 3287 prensam
1959 3217 2062 3271 sibi
2073 3220 2186 3289 jam
2201 3220 2388 3287 Syrin-

1354 3314 1421 3369 ga
1443 3309 1682 3368 putaret,
1711 3296 1953 3367 Corpore
1981 3314 2082 3367 pro
2117 3298 2386 3368 Nymphae

1356 3378 1586 3431 calamos
1619 3376 1856 3429 tenuisse
1881 3376 2175 3447 palustres:
2213 3378 2384 3430 Dum-

1358 3476 1463 3529 que
1481 3456 1558 3509 ibi
1579 3457 1826 3527 suspirat,
1851 3469 2028 3509 motos
2050 3456 2107 3508 in
2125 3456 2388 3511 arundine

1359 3548 1548 3591 ventos
1587 3536 1840 3589 Effecisse
1884 3554 2074 3587 sonum
2126 3547 2340 3591 tenuem
2371 3576 2388 3601 ‚

1358 3617 1696 3687 similemque
1713 3616 1974 3688 querenti.
1993 3618 2174 3686 Atque
2195 3618 2269 3670 ita
2290 3616 2394 3671 dis-

1362 3697 1583 3770 paribus
1634 3696 1847 3749 cslamis
1892 3697 2206 3768 compagine
2237 3702 2392 3751 'cero

324 3778 530 3832 LXVI.
578 3796 629 3832 1.
672 3780 832 3832 Plura
876 3790 1033 3831 autem
1078 3796 1277 3848 genera.
1362 3780 1512 3830 Inter
1566 3794 1620 3831 se
1669 3776 1868 3847 junctis
1926 3792 2125 3829 nomen
2165 3777 2394 3830 tenuisse

253 3857 379 3912 Hac
400 3858 679 3929 Theophr.
700 3858 923 3913 totidem
946 3858 1279 3924 fere'verbis,
1363 3856 1578 3928 puellm.
1608 3880 1630 3903 ι
1669 3856 1846 3909 Graeci
1891 3872 2126 3927 namque
2161 3856 2396 3925 fistulam

248 3938 384 3993 Hist.
404 3938 500 3991 lib.
520 3940 619 4003 IV,
644 3939 763 4009 cap.
792 3958 815 3991 t
831 3960 883 3991 2.
906 3938 1088 3991 Ilum.
1367 3936 1595 4008 Syringa
1621 3948 1830 3989 vocant.
1863 3936 2119 4007 Συριγγίαν
2148 3936 2238 3991 alii
2264 3938 2398 3991 cala-

338 4040 391 4071 2.
414 4019 540 4071 Alsa
570 4022 759 4084 rarior,
798 4019 1072 4090 majoribus.
1101 4018 1284 4070 Minus
1370 4034 1524 4070 mum
1557 4014 1762 4069 dictum
1788 4016 2004 4079 volunt,
2048 4014 2195 4088 quod
2233 4016 2401 4071 instar

248 4098 435 4162 densa,
458 4098 637 4152 minus
658 4116 943 4152 numerosa
960 4100 1027 4152 ab
1044 4116 1150 4151 una
1171 4098 1284 4151 stir-
1374 4098 1566 4151 fistulo
1583 4136 1599 4163 ,
1619 4114 1883 4150 concavus
1907 4096 1978 4149 sit
1994 4108 2048 4148 et
2071 4096 2260 4149 inanis.
2293 4096 2360 4150 Η.

2000 4190 2138 4300 37³
