2984 5009
704 476 850 548 282

1221 478 1302 546 C.
1367 476 1714 546 PLINII
1768 476 1989 545 NAT.
2046 476 2306 545 HIST.

701 625 899 704 atque
947 610 1145 679 etiam
1189 611 1261 678 in
1296 608 1557 680 delictis
1572 596 1626 648 ⁴⁹
1680 630 1948 704 poenam
1999 610 2209 703 ipsam
2254 596 2623 680 honorat⁵⁰.
2678 612 2804 682 Nec

700 742 836 785 non
893 701 1163 786 vineae⁵¹
1224 718 1795 812 oppugnationum
1844 713 2087 785 dedere
2134 715 2481 786 rationem.
2534 716 2707 787 Nam
2748 718 2805 786 in

703 822 1440 892 medicaminibus·adeo
1477 846 1791 918 magnum
1818 821 2121 893 obtinent
2147 820 2402 912 locum,
2429 837 2507 891 ut
2532 848 2653 919 per
2684 848 2805 894 sese

711 931 870 999 vino
899 930 1046 1025 ipso
1081 929 1371 999 remedia
1417 930 1548 999 sint
1566 915 1635 997 ⁵².

806 1038 928 1107 lv.
971 1024 1110 1129 (11.)
1157 1039 1418 1107 Genera
1455 1036 1685 1105 vitium
1726 1032 2043 1105 numero⁸
2086 1033 2601 1130 comprehendi²

703 1167 876 1213 unus
921 1144 1316 1249 existimavit
1367 1144 1833 1231 Democritus,
1893 1154 2133 1212 cuncta
2172 1141 2300 1212 sibi
2358 1142 2637 1215 Graeciae
2706 1166 2807 1213 oo-

787 1328 880 1393 49.
907 1322 1075 1394 Atque
1111 1325 1254 1373 etiam
1288 1325 1339 1374 in
1367 1319 1556 1374 delictis
1580 1361 1599 1388 ,
1627 1334 1725 1376 etc.

705 1413 810 1455 etc.
837 1402 1092 1471 Polybio,
1121 1399 1325 1454 tribuni
1349 1401 1535 1457 Rufuli
1560 1401 1726 1474 legio·

703 1500 837 1535 num
859 1478 1052 1535 delicta
1071 1481 1410 1547 coercebant,
1423 1493 1486 1535 ut
1502 1483 1726 1535 auxilia·

703 1562 846 1614 rium
889 1560 1162 1631 copiarum
1203 1558 1422 1614 Socium
1463 1562 1726 1632 praefecti.

706 1640 993 1694 Rhoddib.
1019 1640 1262 1705 XXV,c.
1285 1660 1368 1694 aa.
1389 1641 1454 1694 In
1473 1643 1729 1713 castigan-

705 1718 786 1773 dis
807 1720 1063 1773 militibus
1093 1720 1428 1774 centuriones
1451 1722 1609 1774 vitem
1632 1720 1728 1774 ad·

704 1800 938 1853 hibuisse
949 1800 1206 1854 traditum
1224 1818 1253 1853 a
1266 1800 1438 1866 Livio,
1447 1801 1543 1855 lib.
1554 1802 1729 1867 LVII,

704 1892 756 1933 et
775 1898 804 1933 a
825 1881 985 1933 Floro
1002 1920 1017 1946 ,
1038 1880 1482 1952 observatumque
1503 1882 1571 1934 ab
1591 1882 1731 1935 Afri-

704 1976 838 2013 cano
888 1960 1138 2032 Scipione
1167 2001 1184 2026 ,
1241 1962 1334 2033 qui
1383 1962 1729 2015 Numantiam

703 2040 909 2094 evertit.
957 2040 1131 2111 Hujus
1181 2041 1428 2113 supplicii
1483 2042 1729 2095 meminit

702 2120 1014 2175 Plutarchus
1059 2121 1116 2173 in
1173 2121 1364 2175 Galba.
1422 2120 1731 2176 Macrobius

704 2201 1051 2255 centurialem
1065 2201 1225 2253 vitem
1243 2201 1490 2273 appellat.
1512 2201 1729 2255 Martia·

703 2298 803 2332 nus
831 2282 890 2333 ff.
907 2279 974 2334 de
999 2300 1059 2334 re
1085 2280 1338 2346 militari,
1359 2282 1452 2334 ..si
1475 2283 1623 2335 miles
1647 2282 1727 2334 vi·

701 2370 807 2412 tem
834 2362 1037 2427 tenuit,
1065 2362 1306 2415 militiam
1333 2374 1503 2415 mutat
1535 2378 1551 2415 :
1584 2362 1628 2415 si
1662 2380 1726 2415 ex

700 2438 961 2494 industria
985 2442 1171 2511 fregit,
1195 2443 1275 2495 vel
1298 2460 1514 2495 manum
1540 2452 1727 2494 centu·

701 2520 841 2572 rioni
857 2522 1054 2587 intulit,
1074 2520 1246 2593 capite
1257 2523 1492 2595 punitur.
1506 2548 1530 2570 ι
1548 2517 1725 2574 Ithod.

702 2600 798 2654 lib.
827 2602 1046 2667 XXVI,
1083 2620 1200 2672 cap.
1245 2602 1340 2655 ult.
1371 2602 1479 2667 Qui
1508 2601 1725 2671 castiga·

703 2690 791 2733 tur
825 2698 856 2732 a
885 2682 1210 2745 Centurione
1249 2682 1429 2743 miles,
1467 2681 1727 2752 Pompeio

701 2759 789 2811 sub
845 2764 1037 2813 vineam
1079 2764 1244 2831 jacere
1303 2760 1522 2815 dicitur.
1583 2758 1727 2833 Vide

703 2838 968 2909 pithoeum
990 2879 1007 2906 ,
1053 2841 1145 2893 lib.
1178 2842 1235 2906 1,
1258 2858 1376 2911 cap.
1407 2840 1499 2895 15.
1544 2838 1725 2913 Scipio

703 2920 1020 2973 AEmilianus
1034 2922 1078 2973 si
1099 2939 1258 2992 quem
1283 2920 1509 2974 militem
1533 2918 1726 2992 depre-

702 2998 968 3053 hendisset
997 2999 1055 3053 in
1087 3000 1280 3053 delicto
1301 3038 1318 3065 ,
1345 3020 1625 3054 romanum
1650 3002 1726 3055 ci·

703 3096 858 3144 vem,
895 3080 1116 3152 vulgato
1149 3081 1290 3133 inter
1321 3082 1513 3134 milites
1550 3098 1727 3134 exem·

703 3159 796 3231 plo
817 3200 832 3225 ,
878 3160 986 3214 vite
1011 3199 1028 3224 ,
1071 3152 1352 3214 externum
1411 3180 1540 3213 vero
1588 3161 1729 3214 suste

703 3239 953 3294 coedebat.
983 3239 1138 3294 Alex.
1157 3243 1224 3295 ab
1246 3241 1395 3293 Alex.
1423 3241 1518 3294 lib.
1540 3242 1591 3301 1,
1610 3259 1727 3311 cap.

709 3338 799 3373 aa.
837 3320 1248 3392 castigationum
1291 3340 1352 3373 ac
1391 3319 1726 3373 animadver-

702 3400 910 3453 sionum
941 3402 1250 3454 militarium
1291 3402 1599 3454 varietatem
1619 3439 1634 3464 ,
1678 3412 1731 3453 et

703 3482 1002 3551 graviorem
1049 3481 1412 3552 levioremque
1471 3479 1692 3533 modum
1711 3516 1729 3543 ,

703 3578 802 3630 pro
833 3554 1002 3613 ¹noxae
1037 3560 1410 3633 magnitudine
1443 3573 1499 3613 et
1540 3558 1729 3613 condi·

707 3639 867 3705 tione,
880 3640 1006 3695 vide
1017 3640 1164 3715 apud
1179 3640 1424 3695 eumdem
1441 3653 1729 3705 auctorem,

705 3719 796 3771 lib.
830 3723 912 3783 11,
946 3740 1063 3793 cap.
1113 3720 1201 3775 13.
1227 3722 1469 3774 Juvenal.
1503 3722 1608 3773 Sat.
1642 3722 1675 3774 8
1708 3736 1724 3773 t

713 3824 734 3845 ι
773 3800 1042 3854 Nodosam
1062 3801 1298 3874 posthaec
1324 3801 1596 3872 frangebat
1616 3819 1729 3853 ver·

706 3879 808 3931 tice
827 3883 1014 3946 vitem,
1041 3882 1096 3935 Si
1115 3883 1291 3935 lentus
1314 3882 1464 3953 pigra
1487 3882 1729 3934 muniret

703 3972 868 4014 castra
917 3960 1154 4014 dolabra.
1191 3988 1213 4009 ι
1257 3962 1530 4015 Gerebant
1564 3961 1725 4013 vitem

702 4040 1058 4094 centuriones.
1101 4042 1239 4093 Vitis
1279 4060 1400 4094 eum
1418 4081 1432 4106 ,
1475 4041 1563 4094 cui
1614 4054 1725 4093 erat

702 4120 876 4191 aquila
901 4122 1178 4175 commissa
1195 4161 1210 4187 ,
1236 4122 1490 4193 paulatim
1512 4134 1563 4174 et
1580 4120 1723 4175 lente

1812 1318 1881 1375 ad
1896 1318 2165 1391 Primipili
2186 1320 2623 1375 centurionatum
2643 1316 2813 1392 perdo·

1811 1400 1981 1455 cebat.
2013 1401 2183 1455 Turn.
2224 1400 2319 1454 lib.
2353 1400 2545 1471 XXV,
2579 1418 2693 1473 cap.
2732 1402 2809 1453 26.

1812 1482 2015 1535 Daue.

1896 1560 1988 1616 50.
2034 1560 2235 1613 Poemm
2289 1561 2513 1615 honorae.
2568 1557 2812 1626 Quoniam

1815 1640 1958 1695 cives
1998 1652 2201 1696 tantum
2241 1641 2450 1694 romani
2502 1640 2618 1693 vite
2669 1637 2812 1692 cede·

1814 1733 2028 1779 rentur,
2050 1722 2129 1774 uti
2153 1739 2220 1774 ex
2242 1720 2399 1776 Livio
2420 1720 2669 1792 proxime
2682 1732 2813 1774 antea

1814 1798 2065 1853 diximus.
2085 1800 2273 1854 Halm:

1900 1882 1993 1934 51.
2021 1882 2129 1935 Nec
2158 1900 2254 1934 non
2274 1882 2452 1934 vineae.
2480 1880 2657 1935 Vinea
2692 1878 2745 1931 in
2766 1894 2815 1931 re

1816 1962 2032 2015 militari
2046 1962 2287 2017 machina
2304 1961 2403 2015 fuit
2420 1998 2437 2025 ‚
2456 1959 2700 2014 tabulatis
2725 1975 2815 2011 cra·

1816 2041 2027 2095 tibnsve
2076 2034 2370 2107 co'nstrata,
2420 2060 2543 2113 quae
2591 2037 2816 2111 subjectis

1812 2121 2003 2174 rotulis
2040 2121 2443 2193 impellebatur,
2491 2122 2646 2189 cujus
2696 2130 2815 2173 tecto

1788 2201 2009 2261 ,muniti
2040 2200 2375 2265 obsidentes,
2418 2218 2693 2254 murorum
2718 2198 2817 2251 fun-

1814 2279 1935 2333 dam
1943 2292 2062 2334 enta
2075 2281 2414 2334 subruebant.
2436 2282 2647 2333 Dicitur
2667 2292 2814 2331 autem

1812 2361 1990 2421 vinea,
2028 2381 2057 2414 a
2094 2359 2442 2415 similitudine
2470 2361 2615 2414 illius
2641 2360 2819 2424 vinea,

1814 2458 1931 2513 quae
1958 2443 2130 2513 jugata
2162 2439 2385 2507 dicitur,
2426 2452 2481 2494 et
2530 2440 2591 2493 in
2641 2450 2815 2493 tectum

1814 2521 2095 2576 attollitur.
2124 2520 2306 2575 Hann.

1895 2601 1987 2655 52.
2025 2602 2093 2654 Ue
2123 2620 2218 2671 per·
2242 2620 2343 2653 sere
2365 2602 2485 2652 vino
2511 2602 2618 2671 ipso
2639 2597 2816 2651 remedi·

1810 2684 1925 2734 sint.
1949 2681 2118 2751 Lego,
2156 2693 2213 2733 ut
2229 2698 2321 2751 per·
2350 2700 2448 2733 sese
2470 2685 2595 2732 vina
2634 2684 2733 2750 ipsa
2758 2696 2816 2729 m-

1812 2762 1967 2813 media
1977 2752 2078 2813 'sim
2092 2799 2107 2825 ,
2124 2780 2189 2813 ex
2204 2760 2385 2815 codice
2412 2758 2814 2813 Salmanticensi:

1810 2860 1934 2894 nam
1986 2842 2173 2893 vinum
2224 2842 2421 2893 multos
2476 2840 2533 2892 in
2578 2836 2818 2893 medicina

1812 2940 1939 2973 usus
1966 2921 2164 2973 habere
2182 2960 2197 2987 ,
2222 2939 2305 2973 res
2324 2932 2447 2973 nota
2462 2932 2558 2972 est.
2586 2921 2817 2973 Pur.—

1817 3002 1875 3051 V
1868 3006 1949 3053 ae'no
1975 3008 2095 3071 ipso.
2116 3000 2197 3053 Ita
2226 2999 2351 3053 libri
2378 2998 2539 3064 editi,
2564 3010 2617 3052 et
2638 3000 2815 3068 Rega-

1814 3082 1917 3133 vel
1946 3082 2079 3133 vino
2090 3098 2303 3152 quoque
2324 3080 2456 3150 ipso,
2480 3080 2685 3151 inquit,
2708 3077 2819 3128 vites

1812 3174 2039 3231 prosunt
2068 3178 2083 3213 ε
2112 3178 2278 3232 quum
2334 3160 2401 3211 sit
2456 3158 2587 3212 alias
2630 3154 2819 3211 tardum

1814 3238 1963 3294 dictu
1980 3274 1996 3303 ‚
2016 3241 2329 3311 pluribusne
2344 3236 2399 3291 id
2422 3238 2632 3311 prosit,
2656 3256 2719 3290 an
2734 3252 2817 3287 no-

1815 3333 1928 3373 ceat
1944 3360 1959 3386 ,
2002 3332 2062 3373 ut
2086 3317 2295 3373 dicetur
2314 3320 2409 3372 lib.
2441 3320 2668 3381 xxm,
2717 3332 2817 3385 cap.

1824 3418 1914 3471 19.
1942 3402 2123 3453 Ham).

1896 3481 1996 3533 IV.
2040 3498 2063 3533 1
2076 3518 2091 3531 .
2150 3478 2343 3533 Genera
2400 3480 2577 3530 vitium
2622 3492 2816 3538 numm,

1818 3573 1916 3614 etc.
1946 3558 2090 3613 Vide
2135 3558 2415 3631 Theophr.
2453 3558 2590 3611 Hist.
2621 3557 2713 3609 lib.
2738 3554 2815 3615 11,

1816 3658 1931 3711 cap.
1960 3658 2030 3709 73
2067 3638 2329 3694 Columel.
2366 3637 2462 3690 lib.
2495 3638 2611 3703 111,
2636 3655 2743 3707 cap.
2772 3654 2816 3687 s·

1818 3722 2021 3774 Dante.

1896 3820 1947 3853 2.
1979 3800 2128 3851 Posse
2144 3838 2158 3863 ,
2188 3800 2243 3852 in
2263 3798 2335 3852 V.
2353 3795 2517 3851 deest.
2538 3797 2643 3851 En.

1897 3881 1951 3934 3.
1972 3879 2159 3932 Cuncta
2167 3879 2263 3931 sibi
2273 3878 2501 3933 Groecioe.
2519 3877 2646 3931 Non
2664 3889 2815 3929 tamen

1814 3960 2048 4031 gentium
2067 3958 2220 4012 simul
2236 3972 2531 4011 exterarum
2548 3998 2564 4024 ,
2592 3976 2715 4030 quas
2726 3952 2817 4007 Pli-

1815 4040 1932 4093 nins
1951 4040 2297 4093 nihilominus
2320 4038 2409 4091 hic
2430 4039 2590 4091 etiam
2612 4032 2816 4105 comple·

1815 4120 1992 4173 ctitur.
2027 4121 2171 4174 Cave
2202 4138 2293 4173 eos
2318 4116 2502 4173 audias
2544 4118 2638 4190 qui
2657 4126 2817 4172 contra
