2984 5009
235 537 623 633 semipedales
639 537 664 579 ⁷
717 562 1059 608 ramorum
1112 536 1276 609 relin
1369 552 1553 609 entes
1606 552 1920 626 truncos,
1974 541 2089 635 qui
2126 540 2328 611 decisi

229 642 364 711 alibi
383 658 614 715 necant
639 659 948 715 matrem.
975 646 1282 715 Diximus
1353 643 1601 715 salsum
1637 644 1721 713 ab
1750 644 1853 715 his
1883 645 2097 717 solum
2126 644 2324 741 diligi.

222 751 388 843 Ergo
414 750 561 819 ubi⁹
591 776 732 827 non
761 766 863 821 est
895 750 1067 837 tale,
1100 750 1302 821 salem
1341 765 1748 847 aspergunt,
1788 777 1927 822 non
1954 753 2287 825 radicibus
2306 808 2327 840 ,

86 244 93 607 ἴ
955 408 1057 479 LI
1071 412 1124 479 B
1135 410 1195 477 E
1207 409 1272 476 R
1332 410 1400 479 X
1417 410 1495 486 11
1512 410 2202 478 I.1
2224 407 2270 478 6
2281 407 2323 481 5

86 818 89 989 t
221 855 328 924 sed
352 855 600 953 longius
627 856 850 953 paulo.
880 856 1270 948 Quaedam¹⁰
1296 858 1368 926 in
1397 860 1588 952 Syria
1618 872 1687 926 et
1714 858 2052 953 AEgypto
2033 883 2102 927 m
2130 860 2325 929 binos

216 960 496 1033 dividunt
525 988 598 1033 se
639 977 968 1035 truncos:
1015 966 1084 1033 in
1126 968 1330 1035 Creta
1363 978 1431 1033 et
1463 966 1535 1033 in
1579 978 1803 1034 ternos
1824 1014 1845 1049 ,
1889 964 2323 1060 quaedamque

213 1082 276 1136 et
309 1069 370 1137 in
401 1072 652 1165 quinos.
696 1072 948 1141 Ferunt
985 1069 1267 1141 statim¹'
1305 1070 1374 1139 in
1413 1070 1703 1141 trimatu.
1748 1072 1833 1140 In
1868 1073 2095 1167 Cypro
2128 1097 2319 1157 vero,

213 1174 378 1266 Syria
399 1228 418 1262 ,
451 1175 742 1271 AEgypto
763 1229 784 1263 ,
823 1175 1229 1272 quadrimae:
1274 1174 1512 1271 aliquae
1558 1178 2015 1272 quinquennes
2033 1226 2055 1262 ,
2100 1176 2320 1249 altitu-

210 1278 346 1349 dine
375 1282 704 1371 hominis,
738 1282 921 1353 nullo
957 1283 1134 1354 intus
1168 1285 1352 1379 pomi
1391 1280 1572 1378 ligno
1597 1334 1617 1369 ,
1648 1282 1967 1379 quamdiu
2003 1299 2157 1357 sunt
2198 1309 2319 1354 no·-

209 1384 412 1473 vellae,
447 1388 540 1459 ob
575 1388 648 1458 id
689 1387 1058 1485 spadonum
1081 1386 1129 1433 ¹·²
1167 1404 1442 1484 accepto
1487 1391 1775 1459 nomine.

295 1490 415 1563 lx.
446 1496 718 1565 Genera
747 1520 976 1565 earum
1007 1494 1236 1565 multa.
1266 1494 1615 1567 sterilibus
1642 1496 1729 1587 ad
1762 1499 2073 1569 materias
2092 1550 2113 1583 ,
2154 1520 2313 1591 ope·
2358 1520 2382 1555 1

207 1622 460 1694 rumque
505 1600 820 1691 lautiora,
866 1604 1078 1671 utitur
1125 1603 1424 1697 Assyria,
1460 1617 1529 1671 et
1578 1617 1719 1673 tota
1752 1604 1985 1673 Persis.
2032 1604 2202 1673 Sunt
2248 1618 2318 1675 et

202 1704 452 1776 eaeduae¹
490 1705 869 1803 palmarum
904 1732 1172 1803 quoque
1213 1707 1424 1799 silvae,
1471 1712 1919 1804 germinantes
1956 1731 2183 1779 rursus
2226 1710 2313 1778 ab

199 1811 392 1881 adice
428 1816 725 1885 succisae.
757 1812 989 1885 Dulcis
1019 1813 1304 1888 medulla
1343 1840 1571 1884 earum
1603 1818 1672 1883 in
1709 1816 2093 1901 cacumine,
2131 1816 2313 1909 quod

202 1919 520 1990 cerebrum
549 1918 963 2016 appellant²:
991 1934 1428 2017 exemptaque
1465 1924 1705 1995 vivunt
1722 1975 1743 2009 ‚
1774 1921 1955 2015 quod
1982 1946 2117 1991 non
2145 1921 2305 1992 alioe.

197 2083 368 2140 Plinius
412 2084 562 2159 apud
603 2088 874 2159 aliquem,
921 2090 988 2150 ὣς
1031 2088 1196 2157 πάχος
1289 2090 1322 2141 8
1353 2107 1367 2140 2
1400 2078 1490 2143 En
1520 2084 1582 2141 ὃὸ
1613 2088 1975 2159 καρπιμώτερα
2002 2094 2098 2143 τῶν
2120 2087 2309 2156 ἄλλων,

197 2165 288 2233 {133
307 2165 488 2220 Hun-
1283 2166 1365 2221 καὶ
1383 2172 1795 2239 καρποφοροῦντα
1815 2170 1946 2229 εὐθὺς
1965 2170 2184 2239 τριιτιῖς.
2200 2169 2307 2223 Ει).

255 2264 303 2315 7.
348 2244 698 2317 Senipedales.
739 2232 868 2301 ὅσον
914 2248 1194 2318 σπιθαμὴν,
1370 2267 1394 2301 ι
1409 2268 1458 2301 2.
1516 2246 1815 2319 Spadonum.
1874 2247 1963 2299 Ab
2025 2247 2308 2301 Aristotele

195 2322 336 2396 inquit
352 2326 640 2398 Theophr.
661 2326 768 2380 loc.
788 2326 876 2380 eit.
903 2327 997 2380 Est
1018 2338 1192 2381 sutem
1281 2328 1493 2395 εὐνοῦχοι
1519 2326 1809 2399 spadones,
1836 2338 1890 2379 et
1921 2328 2125 2397 ἔνορχοι,
2157 2328 2307 2398 quasi

195 2399 468 2461 mum
497 2404 794 2478 digitorum
817 2408 1074 2478 σπιθαμή,
1099 2424 1192 2461 seu
1282 2408 1503 2461 testibus
1518 2420 1777 2470 carentes,
1798 2419 1852 2459 et
1875 2407 2107 2477 ἀπύρηνοι
2125 2406 2303 2461 nuclei

195 2483 408 2551 pdlienm
429 2504 668 2551 novem3
695 2484 846 2558 pedis
871 2484 1191 2542 dodrantem
1279 2499 1517 2558 expertes
1542 2485 1893 2560 appellantur,
1929 2486 2002 2539 ita
2039 2485 2303 2540 referente

192 2560 333 2617 latini
351 2577 574 2619 vocant.
591 2564 935 2619 Ham—De
962 2570 1190 2637 σπιθαμῇ
1277 2566 1471 2621 Athen.
1499 2566 1593 2619 lib.
1617 2566 1774 2629 XIV,
1802 2582 1925 2638 pag.
1956 2565 2027 2619 65
2039 2585 2090 2618 2.
2118 2564 2188 2618 Η.

191 2640 272 2710 in·
295 2644 453 2699 fusim
479 2644 723 2716 egimus,
749 2644 842 2697 lib.
859 2646 1000 2711 VII,
1029 2664 1078 2699 c.
1119 2664 1185 2711 2,
1221 2714 1226 2719 ⁶
1354 2646 1455 2699 IX.
1509 2665 1559 2700 1.
1614 2646 1740 2699 Sunt
1782 2657 1830 2696 et
1876 2646 2075 2698 coeduoe.
2116 2644 2296 2699 Theo-

193 2722 326 2785 tm,
344 2744 462 2797 pag.
499 2725 612 2790 34,
636 2738 748 2780 not.
783 2743 807 2777 1
837 2724 934 2778 fin.
957 2726 1064 2779 En.
1270 2724 1467 2797 phrast.
1493 2724 1681 2779 iisdem
1707 2724 1917 2788 verbis,
1948 2726 1985 2778 1.
2012 2722 2262 2777 allum.

248 2804 292 2857 8.
311 2804 564 2857 Diximus.
595 2804 725 2875 Cap.
755 2826 782 2873 7
810 2823 824 2857 τ
873 2831 894 2852 ι
930 2805 1184 2876 Gignitur
1351 2827 1404 2859 2.
1435 2806 1587 2875 Quod
1608 2805 1845 2859 cerebrum
1870 2805 2135 2876 appellant.
2157 2804 2295 2858 1³1ae·

189 2878 268 2933 levi
295 2886 646 2955 sabulosaque
689 2896 867 2938 terra:
897 2887 1098 2957 majore
1123 2885 1181 2938 in
1267 2884 2289 2957 terTheophrastumGalenus,St1-aho,

188 2972 302 3026 m
321 2978 369 3019 et
393 2965 673 3017 nitroso.-
719 2964 856 3017 Nam
897 2977 958 3017 ut
982 2965 1057 3018 ait
1077 2963 1177 3020 lib.
1266 2964 1613 3031 Plutarchus,
1640 2964 1987 3018 Philostratus
2025 2965 2287 3036 ὶγκὲφσιλον

188 3036 366 3110 1111,
399 3063 532 3116 etp.
553 3042 662 3109 45,
685 3043 816 3097 nitri
851 3057 1041 3098 natura
1065 3062 1176 3097 non
1263 3056 1482 3110 vocant,
1502 3043 1838 3099 Dioscorides
1853 3039 2125 3115 ἰγκοὶρδιον.
2148 3044 2289 3098 Nam

187 3120 374 3177 uultum
397 3141 430 3177 a
453 3124 576 3177 sale
601 3122 775 3177 distat.
799 3121 942 3177 Vide
972 3136 1026 3178 et
1054 3142 1172 3193 qnae
1263 3122 1486 3178 Veteres
1536 3126 1683 3196 ἔγκοιρ
1729 3124 1840 3180 sive
1874 3125 2075 3197 ἔγκαρον
2125 3124 2285 3176 etism

187 3192 378 3255 ditantis
401 3202 731 3267 lih.xV11,
761 3222 878 3275 cap.
908 3194 1170 3258 3.}isnn.
1260 3204 1541 3259 cerebrum
1582 3202 1849 3257 dixerunt.
1889 3203 2033 3257 Plut.
2065 3202 2285 3275 quidem

243 3297 292 3346 9.
313 3282 448 3353 Ergo
487 3282 596 3335 ubi.
633 3281 724 3335 sic
747 3282 1025 3355 Theophr.
1050 3284 1089 3335 l.
1123 3300 1170 3337 c.
1257 3280 1352 3335 lib.
1367 3282 1435 3335 de
1465 3283 1648 3338 tuend.
1669 3280 1918 3337 Valetud-
1940 3282 1997 3337 id
2011 3280 2283 3353 praedulce
2348 3294 2353 3299 ’

186 3356 388 3432 etGmp.
403 3362 578 3417 Λυσι.
600 3360 698 3415 lib.
718 3360 802 3427 X,
823 3381 941 3434 cap.
964 3369 1026 3428 4,
1049 3381 1170 3436 pag.
1259 3379 1370 3415 esse
1398 3363 1497 3429 ait,
1526 3362 1617 3417 sed
1646 3364 1964 3435 κιφαλαλγίς.
1996 3362 2154 3415 Philo
2180 3361 2277 3413 lib.

191 3435 285 3491 251.
297 3440 522 3513 lei-pud
541 3440 869 3514 Babylonios
889 3442 1005 3497 fieri
1025 3442 1172 3496 idem
1259 3441 1288 3492 1
1313 3440 1382 3496 de
1413 3442 1521 3497 vita
1546 3444 1712 3497 Mosis
1745 3453 1929 3495 auctor
1966 3453 2071 3511 est,
2091 3440 2281 3513 palma

183 3508 411 3590 Thwphr.
437 3520 716 3592 prodidit,
743 3518 812 3575 de
840 3523 1050 3589 Gensis,
1073 3522 1171 3578 lib.
1253 3521 1474 3575 vitalem
1491 3523 1605 3576 vim
1634 3523 1692 3575 in
1720 3518 1992 3574 radicibus
2016 3518 2280 3574 defossam

185 3590 273 3659 ΠΙ,
293 3616 398 3671 esp.
419 3600 1366 3672 22,p.286.11nm.n0n
1405 3620 1517 3655 esse
1550 3614 1609 3655 ut
1644 3602 1697 3653 in
1738 3598 1958 3677 reliquis
1990 3597 2277 3693 stirpibus,

245 3640 1166 3754 10.Quaed:m.‘1·heophr.nistor.
1255 3679 1386 3733 sed
1370 3700 1426 3733 ιιι
1445 3700 1657 3734 summo
1674 3678 1849 3737 uunci
1870 3680 2068 3733 vertice
2081 3680 2277 3752 vigere,

183 3748 254 3805 m¹·
271 3756 1525 3833 11,oep.8.}1nn.tamquam
1546 3760 1603 3813 in
1626 3758 1821 3823 corde,
1837 3778 1897 3813 ac
1923 3760 1978 3811 in
2004 3779 2275 3813 ramorum

247 3851 324 3889 ῐι.
355 3838 540 3895 Feresne
576 3843 760 3894 statim.
807 3840 924 3897 Hoc
971 3840 1040 3895 de
1086 3842 1166 3896 fe·
1256 3838 1434 3894 medio
1437 3840 1660 3911 ,quibus
1685 3797 1829 3893 velut
1852 3839 2165 3893 satellitibus
2180 3841 2273 3894 sti·

184 3911 394 3971 “ludicre
459 3920 660 3991 palmo
725 3938 917 3990 genere
985 3934 1166 3976 narrat
1253 3934 1429 3991 pstur.
1449 3920 1839 3974 Garumna«.
1843 3920 2273 3993 —Exemptaque.

185 3988 411 4066 Theophr.
435 3998 575 4053 nist.
605 4000 775 4073 plant.
804 4000 898 4055 lib.
929 4001 1020 4069 11,
1041 4020 1158 4074 cap.
1249 4000 1504 4056 chiffletii
1522 3999 1645 4059 eod.
1672 4012 1991 4073 exemptoque.
2004 4000 2133 4053 Eun

1892 4132 1917 4177 1
1946 4092 2009 4177 1³
