2984 5009
566 581 603 626 .
962 501 1281 570 LIBER
1335 490 1498 568 XV.
2145 500 2290 588 461

194 629 415 700 diorem
438 685 459 716 ‚
501 631 803 700 maximis
847 631 1071 701 baccis
1113 646 1313 726 atque
1356 656 1395 700 e
1444 631 1638 700 viridi
1683 630 2092 702 rubentibus.
2154 637 2300 706 Hac

196 741 449 806 victores
502 736 785 832 Delphis
838 739 1179 826 coronari,
1226 753 1293 807 et
1338 737 1826 832 triumphantes
1865 741 2120 808 Romae.
2171 743 2302 836 Cy-

194 845 379 938 priam
424 867 567 914 esse
608 841 771 913 folio
812 842 1037 929 brevi,
1082 845 1275 940 nigro
1298 897 1318 931 ‚
1370 867 1495 939 per
1529 845 1859 938 margines
1911 844 2301 934 imbricato,

192 951 467 1045 crispam.
490 953 727 1020 Postea
762 974 1098 1020 accessere
1128 974 1389 1046 genera.
1405 949 1682 1020 Tinus7:
1719 951 1894 1020 hanc
1933 901 2302 1023 silvestrem

194 1053 421 1126 laurum
470 1054 673 1186 aliqui
712 1055 1120 1151 intelligunt,
1174 1054 1477 1126 nonnulli
1517 1057 1618 1126 sui
1661 1058 1920 1151 generis
1968 1057 2298 1129 arborem.

190 1163 409 1234 Differt
441 1147 709 1233 color⁸=
745 1177 844 1232 est
891 1165 1069 1233 enim
1104 1164 1163 1232 ei
1207 1161 1485 1233 caerulea
1521 1162 1742 1232 bacca.
1775 1164 2070 1234 Accessit
2102 1179 2172 1235 et
2199 1191 2300 1236 re-

193 1269 310 1362 gia⁹
312 1323 331 1356 ,
360 1295 512 1364 quae·
551 1271 755 1364 coepit
788 1271 1089 1364 Augusta
1124 1268 1478 1365 appellari,
1517 1267 1923 1368 amplissima
1953 1285 2021 1338 et
2063 1271 2304 1342 arbore

190 1389 243 1442 et
262 1375 450 1462 felic,
482 1376 707 1445 baccis
741 1391 1005 1469 gustatu
1034 1400 1301 1470 quoque
1332 1400 1469 1444 non
1495 1377 1766 1470 asperis.
1808 1375 2026 1470 Aliqui
2053 1395 2304 1474 negant

190 1481 533 1552 eamdem¹⁰
560 1507 733 1568 esse,
771 1495 837 1550 et
871 1507 1063 1550 suum
1098 1507 1305 1601 genus
1344 1483 1540 1577 regiae
1572 1481 1828 1551 faciunt
1849 1535 1868 1570 ,
1897 1482 2305 1578 longioribus

193 1587 333 1660 foliis
376 1589 872 1682 latioribusque.
932 1589 1145 1658 Iidem
1189 1591 1257 1657 in
1310 1587 1441 1658 alio
1477 1613 1722 1683 genere
1771 1588 2133 1660 baccaliam
2175 1617 2300 1689 ap·-

191 1695 411 1787 pellant
452 1697 628 1766 hanc
660 1719 809 1790 quae
841 1692 1355 1790 vulgatissima¹¹
1400 1710 1542 1782 est,
1593 1695 2081 1791 baccarumque
2120 1699 2303 1770 ferti·

190 1798 424 1871 lissima.
478 1802 783 1872 Sterilem
828 1825 991 1870 vero
1040 1827 1271 1871 earum
1349 1789 1571 1896 (quod
1631 1804 1916 1872 maxime
1938 1801 1983 1826 ¹²
2039 1795 2304 1899 miror)

190 1907 676 2005 triumphalem,
734 1932 979 2039 eaque
991 1908 1221 1978 dicunt
1264 1908 1751 2004 triumphantes
1793 1911 1950 1978 uti.
1995 1913 2118 1979 nisi
2162 1912 2229 1980 id
2265 1937 2306 1982 a

188 2015 339 2084 Divo
368 2018 675 2111 Augusto
714 2000 1004 2110 coepit¹³,
1035 2030 1112 2084 ut
1146 2015 1531 2084 docebimus
1548 2001 1630 2100 ¹⁴,
1664 2040 1744 2083 ex
1781 2039 1860 2084 ea
1892 2013 2122 2102 lauru,
2158 2044 2305 2113 quac

189 2123 236 2189 ei
271 2125 465 2192 missa
511 2147 550 2191 e
592 2119 755 2192 caelo
803 2135 935 2206 est,
990 2123 1263 2191 minima
1312 2120 1690 2207 altitudine,
1745 2120 1905 2190 folio
1955 2125 2177 2255 crispo
2224 2149 2304 2194 ac

188 2225 391 2318 brevi,
428 2231 706 2297 inventu
736 2253 901 2296 rara.
938 2227 1265 2297 Accedit
1246 2255 1314 2297 in
1354 2229 1640 2323 topiario
1669 2253 1870 2322 opere
1911 2217 2131 2298 taxa⁸⁵
2136 2285 2156 2319 ,
2191 2256 2303 2300 ex-

189 2351 499 2406 crescente
534 2337 601 2404 in
648 2334 869 2407 medio
910 2332 1069 2403 folio
1109 2332 1435 2429 parvu10‚
1495 2333 1700 2404 veluti
1731 2332 1965 2404 lacinia
2008 2336 2167 2405 folii.
2215 2341 2307 2408 Et

190 2442 305 2511 sine
344 2428 490 2511 ea¹⁵
550 2441 905 2537 spadonia,
956 2443 1123 2509 mira
1185 2443 1539 2537 opacitatis
1594 2442 1911 2536 patientia
1931 2439 1976 2482 ¹⁷
2016 2468 2031 2512 ε
2082 2444 2305 2539 itaque

187 2547 571 2642 quantalibet
625 2547 749 2618 sub
816 2547 1055 2616 umbra
1116 2548 1330 2617 solum
1382 2546 1632 2642 implet.
1704 2549 1825 2617 Est
1881 2562 1949 2632 et
2013 2549 2302 2621 chamae-

1366 2697 1457 2748 13.
1496 2694 1672 2766 Cepit.
1707 2695 1794 2749 Sic
1819 2715 1884 2749 ex
1909 2697 2062 2752 MSS.
2091 2699 2304 2754 emend.

1279 2773 1442 2828 Hard.
1468 2779 1662 2844 caperit
1677 2776 1848 2830 Gron.
1867 2789 1922 2830 et
1944 2778 2012 2830 al.
2037 2777 2142 2834 En.

252 2715 302 2766 7.
346 2699 519 2750 Tiaus-
564 2696 883 2748 Βουνῶν-εἰη.
922 2694 1191 2747 Vibumum

194 2777 323 2829 Tium
358 2775 636 2840 (Peneand.
671 2779 856 2846 trigrn.
890 2792 1009 2846 gen.
1043 2793 1153 2845 727
1171 2813 1189 2840 ,

190 2855 313 2911 Pers.
349 2857 595 2926 Cape-fid.
620 2846 803 2923 sum).
836 2855 941 2908 En.

256 2939 303 2990 8.
322 2935 513 3004 Differ-t
531 2935 681 2988 color.
695 2935 915 3006 ‘Nempe
934 2953 967 2988 a
988 2934 1194 2988 casteria

108 3029 111 3034 ·
188 3013 305 3068 huri
328 3017 631 3088 generibus.
644 3015 828 3068 Hann.

256 3115 307 3164 9.
334 3099 409 3149 Ee
429 3100 583 3166 regia.
613 3095 821 3146 Lam-ier
844 3095 1014 3161 myol,
1038 3096 1191 3166 cujus

192 3173 377 3229 iconem
400 3175 655 3229 Lobelius
688 3175 903 3228 exhibet
940 3175 995 3227 in
1017 3175 1188 3229 Advv.

190 3271 293 3325 pag.
320 3263 447 3321 4²4·
468 3255 649 3309 Hum-

262 3353 343 3388 xo.
380 3336 556 3408 Aliqui
592 3346 775 3404 negant
814 3333 1043 3386 eamdem.
1077 3335 1186 3388 Ne·

190 3427 297 3482 gam
318 3415 515 3487 regiam
540 3413 784 3468 eamdem
809 3427 933 3468 cum
953 3417 1189 3485 Augusta

192 3510 305 3548 ene.
326 3495 509 3548 Eun.

264 3593 287 3627 t
302 3594 350 3629 1.
404 3577 529 3645 Qua
578 3574 936 3644 vulgatissima.
982 3573 1189 3626 Laurus

190 3654 399 3724 vulgaris
424 3653 713 3718 baccifera‚
733 3653 929 3707 laur-ier.
955 3652 1190 3707 Baccalin

191 3729 371 3786 <licitur
410 3735 509 3788 lib.
542 3734 732 3800 XVII,
781 3753 899 3806 cap.
940 3751 963 3785 1
979 3731 1188 3787 1.Sed

191 3811 423 3866 nimirum
436 3803 623 3868 eadem
640 3825 719 3867 est
736 3813 965 3868 baccalis
982 3831 1045 3866 ac
1060 3813 1187 3866 bac-

191 3891 329 3957 calia,
364 3906 423 3947 nt
440 3894 707 3948 hortensis
730 3905 785 3947 et
806 3893 1095 3948 hortensia.
1114 3893 1187 3946 H.

264 3989 345 4026 η.
374 3974 521 4042 Quod
538 3977 743 4027 maxime
766 3977 927 4027 miror.
962 3973 1190 4027 Miratur

192 4050 455 4123 triumphis
465 4072 579 4108 eam
594 4071 705 4107 esse
714 4053 1025 4109 destinatam
1037 4093 1053 4120 ‚
1072 4071 1191 4126 quo

191 4128 249 4180 sit
266 4133 465 4186 sterilis.
488 4133 671 4187 Huni.

1364 2861 1452 2914 14.
1483 2855 1555 2908 Ut
1574 2855 1860 2911 docebimus.
1889 2857 2020 2929 Cap.
2045 2865 2138 2922 40.
2165 2859 2239 2916 H.

1368 2953 1389 2988 1
1404 2934 1453 2988 5.
1504 2937 1664 2988 Tua-a.
1708 2937 1829 2990 Sive
1883 2937 2172 2995 laurotaxa.
2221 2966 2302 2978 -

1282 3014 1468 3068 Ruso-us
1500 3016 1818 3086 angmtffolia
1845 3018 2052 3072 Toum.
2079 3020 2150 3072 Et
2177 3039 2302 3074 mox

1282 3093 1700 3167 chamaedaphne
1725 3107 1805 3150 est
1828 3097 2014 3150 flascas
2037 3119 2302 3153 racemosus

1279 3169 1479 3236 (Danae
1502 3173 1698 3242 Pers.);
1726 3175 2084 3232 Alexandrina
2124 3193 2299 3234 autem

1277 3253 1343 3306 R.
1366 3254 1705 3326 hypophytlum
1730 3250 1909 3318 (Dioec.
1927 3259 2154 3324 gynand.
2177 3278 2298 3330 gen.

1281 3333 1455 3399 3201,
1474 3333 1620 3387 Pers.
1643 3334 1896 3404 Aspamg.
1918 3337 1954 3388 J
1957 3334 2101 3400 εισι).
2127 3339 2230 3392 En.

1362 3417 1449 3467 16.
1478 3413 1555 3466 Et
1571 3417 1674 3466 sino
1717 3433 1790 3466 ea.
1821 3414 1948 3467 Sine
1971 3432 2032 3467 ea
2069 3417 2260 3472 lacinia
2279 3459 2296 3484 ‚

1272 3493 1379 3546 hoc
1396 3505 1473 3546 est
1485 3493 1626 3560 ,sine
1645 3512 1712 3546 eo
1739 3493 2052 3565 folio-parvo
2073 3511 2300 3553 exeunte

1276 3571 1343 3626 de
1366 3573 1534 3632 soliis,
1554 3571 1806 3646 spadonia
1825 3586 1904 3627 est
1925 3595 1936 3626 ε
1961 3593 2083 3646 que
2109 3576 2300 3632 lacinia

1274 3652 1582 3724 spadoniam
1606 3654 1818 3706 laurum
1852 3671 1882 3704 a
1905 3666 2024 3708 taxa
2047 3659 2299 3724 secernit,

1275 3733 1482 3805 alioqui
1500 3733 1656 3804 plane
1681 3751 1852 3804 pares.
1875 3733 2058 3788 Haan.

1363 3831 1450 3884 17.
1484 3813 1636 3866 Mira.
1655 3851 1670 3865 .
1689 3850 1703 3865 .
1719 3816 1974 3884 patiencia.
2019 3815 2122 3870 Cui
2163 3817 2300 3872 nihi!

1276 3893 1445 3946 officit
1490 3893 1725 3963 opacitas
1775 3893 1882 3946 loci
1907 3914 1920 3946 ε
1965 3913 2084 3966 quo
2125 3897 2298 3952 nihilo

1278 3973 1453 4026 minus
1468 3985 1548 4026 eat
1561 3973 1618 4025 in
1633 3991 1802 4042 opaco
1817 4009 1834 4036 ‚
1857 3992 2020 4045 quam
2037 3978 2094 4030 in
2117 3978 2300 4048 aprico

1276 4053 1424 4117 loco,
1448 4053 1743 4106 exuberans
1767 4072 1828 4106 ac
1855 4053 1977 4108 loeta
1991 4089 2008 4118 ‚

1279 4151 1493 4204 semper
1525 4132 1768 4203 implens.
1795 4131 1978 4188 Hui).

2033 4075 2096 4110 ac
2124 4057 2298 4110 solum

2342 2565 2374 2618 3
