2984 5009
985 429 1302 497 LIBER
1355 432 1539 499 XII.
2230 434 2321 517 41

305 560 582 629 XXVII.
628 548 852 654 (1111.)
885 560 1098 631 Nardi
1127 562 1266 631 vim
1303 562 1508 632 habet
1538 576 1608 631 et
1650 559 1949 633 asarum¹
1987 586 2001 629 ε
2049 562 2230 657 quod
2262 576 2331 633 et
2374 588 2395 625 ε
2495 537 2498 539 .

211 665 404 759 ipsum
427 664 632 761 aliqui
655 664 958 737 silvestre
981 665 1308 739 nardum²
1335 667 1693 764 appellant.
1718 672 1839 741 Est
1864 682 2088 737 autern
2116 669 2332 739 ederae

211 770 392 854 foliis,
429 772 940 845 rotundioribus
965 788 1224 845 tantum
1253 775 1848 905 mollioribusque,
1876 775 2041 846 flore
2078 800 2331 870 purpu-

207 902 338 966 reo,
395 878 621 949 radice
649 878 890 949 Gallici
925 881 1164 949 nardi.
1207 906 1434 951 semen
1465 868 1848 953 acinosum³
1862 935 1881 970 ,
1926 884 2181 977 saporis
2224 906 2334 951 ca·

269 1026 501 1080 XXVII.
525 1045 575 1081 1.
605 1028 846 1092 Asamus,
873 1040 975 1084 etc.
1001 1030 1217 1083 Asanam

205 1125 456 1175 wopam
484 1108 551 1161 L.
575 1098 788 1177 (Dodec.
813 1129 1068 1181 monogyn.
1093 1130 1213 1183 gen.

209 1186 374 1252 1156,
397 1187 546 1240 Pers.
568 1188 868 1241 Areeolocla.
893 1190 1032 1243 Juss.
1036 1180 1056 1259 )
1079 1191 1216 1244 Vul-

201 1266 496 1335 gambara,
523 1264 1216 1340 nardsauvage.11umillima

203 1358 290 1409 est,
314 1358 367 1399 et
390 1361 660 1418 perpetuo
686 1350 865 1402 virens
889 1350 1100 1421 planta,
1129 1369 1215 1405 ra-

203 1422 308 1477 ‹lioe
330 1427 482 1479 tenui
501 1464 521 1490 ,
551 1441 808 1499 repente,
833 1431 1102 1501 angulosa,
1120 1450 1218 1485 no-

203 1502 314 1558 dosa
331 1545 349 1570 ,
389 1506 619 1571 fibi-osa,
658 1507 930 1580 spadicea,
961 1511 1046 1563 vel
1071 1511 1216 1565 cine-

201 1602 307 1652 rea,
331 1587 444 1639 acri
462 1624 482 1653 ,
515 1590 867 1654 amaricante,
889 1592 1218 1643 nauseabun-

201 1662 256 1716 ὼ
269 1703 284 1727 ,
301 1666 623 1732 aromatica,
641 1668 969 1723 Valerianum
994 1670 1214 1724 horten-

201 1760 294 1797 sem
339 1744 625 1800 redolente
651 1770 667 1811 ;
729 1749 872 1801 foliis
932 1750 1178 1803 rotundis
1194 1783 1212 1813 ‚

203 1824 400 1891 auritis,
449 1825 673 1897 rigidis,
725 1827 910 1881 nitidis
927 1870 944 1895 ,
988 1830 1214 1884 obscure

200 1904 511 1972 virentibus,
535 1907 709 1977 longis
722 1907 984 1979 pediculis
996 1909 1214 1964 innixis.

199 1981 364 2037 Plures
405 2005 588 2057 prope
627 1984 862 2043 radicem
906 1989 1047 2043 inter
1087 1989 1214 2044 folia

199 2064 486 2130 reconditi,
518 2067 670 2119 tenni
693 2087 754 2121 ac
783 2068 938 2122 brevi
963 2068 1214 2139 pediculo

200 2141 436 2207 insident,
457 2148 733 2213 staminei,
751 2149 1016 2219 purpurei
1047 2161 1101 2201 et
1126 2149 1213 2203 vix

201 2224 498 2315 campioni,
529 2245 573 2278 si
557 2226 832 2299 'calycem
853 2228 1098 2299 excipias,
1120 2228 1215 2300 qui

201 2304 409 2356 crassior
431 2318 541 2372 est,
565 2320 621 2359 et
643 2308 702 2360 in
726 2307 826 2361 tria
839 2320 1107 2379 segmenta
1129 2306 1214 2362 di-

199 2382 354 2449 visus,
383 2397 546 2437 acuta
569 2398 624 2439 et
642 2388 1214 2459 atropurpurascentia.

200 2460 356 2533 Huius
391 2479 578 2519 autem
612 2466 884 2539 posterior
911 2486 1062 2539 pars,
1093 2488 1215 2541 quae

199 2540 459 2615 hexagona
499 2557 607 2611 est,
641 2547 801 2600 abit
783 2566 844 2599 111
883 2548 1115 2601 fructum
1158 2548 1217 2603 in

200 2624 424 2692 capsulas
468 2644 565 2679 sex
618 2625 882 2692 divisum,
926 2627 984 2681 in
1023 2628 1219 2699 quibus

201 2702 386 2756 nemina
451 2706 802 2760 eontinentur
854 2706 1186 2761 subrotunda
1203 2746 1219 2773 ,

199 2782 404 2853 exigua,
449 2784 628 2838 acinis
651 2805 876 2840 uvarum
913 2784 1222 2859 quoadfor·

201 2878 328 2913 mam
351 2876 638 2917 externam
663 2865 880 2931 similia,
911 2867 1056 2919 fusca
1081 2868 1221 2920 tuni-

201 2942 304 2993 cula
317 2942 588 3009 involuta,
601 2963 724 3018 quae
741 2945 1027 2999 medullam
1044 2948 1221 3001 albam

203 3021 472 3077 continent
509 3026 876 3079 acriusculam.
921 3026 1222 3081 Delectatur

201 3102 394 3155 silvosis
407 3142 425 3167 ,
475 3116 532 3157 et
587 3106 842 3177 frequens
886 3108 1120 3160 occurrit
1161 3108 1218 3160 in

205 3180 380 3235 Gallia.
419 3183 651 3239 Radices
672 3198 726 3238 et
754 3185 881 3239 folia
906 3186 964 3239 in
989 3184 1220 3240 officinis

208 3264 380 3315 usitata
419 3277 568 3318 sunt.
604 3264 764 3319 Conf.
787 3267 964 3319 Tract.
993 3265 1062 3319 de
1082 3266 1217 3321 Mat·

205 3340 334 3395 ned.
375 3358 516 3398 auct.
543 3346 881 3405 Gnorrnor,
927 3358 1056 3400 tom.
1099 3349 1219 3414 111,

203 3425 488 3491 pag.130‚
541 3444 604 3478 ex
637 3444 749 3497 quo
783 3424 1107 3479 luculentam
1135 3426 1223 3479 de-

204 3502 542 3593 scriptionem
587 3506 1033 3577 exprompsimus.
1083 3504 1224 3559 Sunt

207 3582 298 3633 viri
323 3596 376 3635 et
407 3582 630 3657 quidem
671 3584 968 3638 doctissimi
984 3586 1223 3656 ,quibus

207 3678 404 3715 aarum
444 3676 502 3717 et
531 3665 842 3724 baccharis,
885 3664 952 3718 de
979 3684 1084 3737 qua
1117 3666 1167 3717 N
1169 3685 1228 3718 o-

205 3743 426 3813 neregit
443 3762 558 3816 αφ.
583 3751 690 3812 26,
717 3743 922 3798 eaedem
939 3744 1224 3799 videantur

207 3820 384 3887 plautae
411 3823 516 3890 ita,
552 3838 612 3879 ut
641 3843 810 3901 quam
838 3824 1058 3877 Veteres
1097 3825 1224 3891 βοίκ-

209 3917 334 3967 υ-μν
367 3900 619 3972 dixerint,
651 3924 775 3960 eam
806 3923 906 3955 nos
939 3904 1222 3958 vernacula

209 3977 376 4049 lingua
405 4000 497 4055 per
519 3987 794 4057 μετάθεσιν
819 3983 1012 4035 cabaa-et
1038 3986 1221 4057 appel-

213 4056 480 4122 laverimus.
527 4068 646 4121 Nec
712 4084 816 4117 nos
870 4064 1007 4133 fugit
1053 4065 1220 4116 varias

1308 1032 1469 1085 fuisse
1493 1031 1563 1085 de
1588 1032 1847 1085 bacchate
1876 1030 2183 1102 opiniones,
2202 1029 2337 1083 dum

1306 1130 1424 1165 eam
1451 1112 1544 1166 alii
1564 1111 1904 1165 Valerianum
1938 1111 2181 1165 celticam
2198 1149 2215 1177 ,
2238 1110 2335 1163 Di·

1305 1192 1521 1263 gitalem
1544 1190 1635 1245 alii
1666 1208 1995 1265 purpuream
2018 1228 2035 1257 ,
2082 1190 2335 1243 nonnulli

1307 1271 1539 1325 Asarum
1572 1289 1881 1343 europaeum
1916 1288 2027 1323 esse
2060 1268 2335 1335 dictitent;

1307 1369 1425 1423 qun
1465 1352 1635 1405 fusius
1679 1350 1749 1405 ad
1790 1351 1889 1404 lib.
1934 1350 2070 1402 xxl
2110 1367 2227 1419 cap.
2262 1352 2331 1401 16

1306 1450 1652 1503 exponemus.
1668 1432 1791 1485 Non
1811 1444 1985 1485 tamen
2013 1429 2107 1481 abs
2134 1448 2194 1481 re
2218 1428 2335 1480 fue·

1304 1510 1376 1564 rit
1393 1512 1554 1565 Plinii
1572 1512 1753 1565 locum
1778 1508 1869 1563 hic
1890 1508 2186 1565 exscribere
2200 1544 2217 1573 ,
2239 1507 2335 1559 ubi

1305 1589 1593 1645 baccharin
1616 1592 1684 1645 ab
1721 1609 1871 1643 asaro
1897 1588 2159 1642 diversam
2186 1586 2335 1659 judi·

1305 1688 1428 1723 care
1453 1672 1570 1741 ipse
1596 1669 1809 1724 videtur
1825 1707 1842 1736 ,
1890 1670 2011 1722 loeo
2045 1685 2207 1738 supra
2237 1666 2329 1720 cit.

1308 1770 1331 1793 ε
1351 1750 1589 1805 Bacchar
1630 1767 1845 1823 quoque
1888 1747 2081 1801 radicis
2122 1758 2335 1801 tantum

1305 1828 1540 1885 odorata
1568 1843 1671 1897 est,
1700 1849 1731 1883 a
1752 1827 2071 1903 quibusdam
2100 1824 2335 1881 nardum

1304 1910 1565 1963 rusticum
1589 1910 1975 1982 appellatum...
2010 1905 2105 1961 sed
2144 1925 2333 1959 eorum

1305 1988 1654 2061 corrigendus
1685 2008 1835 2043 error
1876 2002 1957 2042 est
1985 1987 2079 2059 qui
2103 1985 2335 2039 bacchar

1306 2073 1533 2123 rusticum
1579 2069 1783 2121 nardum
1835 2068 2193 2141 appellavere.
2238 2066 2335 2119 Est

1306 2150 1450 2203 enim
1491 2150 1593 2200 alia
1622 2148 1790 2202 herba
1824 2149 1899 2201 sic
1924 2146 2332 2218 cognominata,

1305 2248 1466 2301 quam
1500 2228 1674 2281 Greci
1708 2246 1896 2281 aaaron
1922 2238 2141 2289 vocant,
2181 2227 2334 2316 cujus

1303 2309 1538 2380 speciem
1598 2307 1931 2379 figuramque
1983 2302 2217 2357 diximus
2271 2303 2332 2356 in

1251 2450 1256 2456 ³
1304 2387 1461 2443 nardi
1481 2388 1785 2461 generibus.
1796 2385 1976 2453 Quin
1958 2404 2127 2437 immo
2143 2401 2333 2437 asaron

1305 2470 1524 2523 invenio
1552 2468 1775 2523 vocitari
1787 2507 1804 2536 ,
1825 2465 2083 2539 quoniam
2102 2464 2161 2517 in
2178 2481 2333 2517 coro-

1308 2548 1390 2602 nis
1426 2568 1540 2603 non
1583 2546 1829 2603 addatur.
1856 2572 1879 2594 n
1930 2545 2146 2599 Scilicet
2183 2542 2333 2615 quasi

1311 2628 1500 2700 ἄσειρον
1516 2667 1535 2694 ,
1560 2627 1709 2699 quod
1734 2628 1973 2681 vinctum
2004 2624 2065 2678 in
2097 2620 2250 2678 sertis
2280 2634 2337 2675 et

1310 2708 1526 2761 corollis
1546 2726 1655 2760 non
1676 2705 2052 2760 adhiberetur:
2075 2706 2143 2765 tic
2170 2702 2333 2774 <stipite

1309 2782 1653 2849 (coronarum
1677 2782 1867 2849 nexus)
1913 2788 2001 2839 οὐκ
2033 2785 2181 2838 ἐλθόν.
2204 2784 2337 2835 Bac-

1311 2867 1499 2921 charin
1547 2880 1723 2919 autem
1776 2864 2110 2920 coronarium
2168 2862 2331 2915 fuisse

1309 2948 1547 3020 plantam
1576 2958 1796 2999 testatur
1820 2946 2060 2999 Dioscor.
2073 2944 2191 3007 111,
2228 2942 2331 2995 51.

1308 3028 1603 3098 Βάκκαρις..
1626 3021 1971 3096 .θαμνώὸ“ης,
2002 3017 2220 3085 εὐώδης,
2251 3018 2335 3073 καὶ

1309 3126 1683 3179 στιφωματικη.
1724 3106 1933 3175 N'empe
1971 3121 2035 3157 ex
2079 3100 2337 3155 bacchate

1306 3187 1680 3259 plectebantur
1706 3184 1920 3239 corollae
1937 3222 1954 3251 ,
1978 3182 2173 3255 quibus
2194 3178 2336 3251 capi-

1309 3279 1364 3321 ta
1383 3280 1525 3321 vates
1551 3262 1909 3330 redimerent,
1928 3277 2179 3335 tanquam
2206 3261 2335 3313 διπο-

1307 3348 1530 3419 τροπαίῳ
1590 3346 1776 3399 fascini
1827 3364 1889 3397 ex
1945 3344 2108 3395 nimia
2157 3337 2331 3393 laude.

1308 3425 1444 3479 Inde
1468 3425 1663 3497 Vix-gil.
1686 3424 1798 3479 Ecl.
1816 3424 1947 3487 vn,
1977 3441 2079 3475 vss.
2108 3438 2200 3489 27,
2232 3420 2333 3471 28:

1312 3508 1497 3573 «Aut,
1546 3506 1591 3559 si
1618 3506 1759 3557 ultra
1784 3502 2041 3572 placitum
2074 3497 2335 3561 laudarit,

1311 3586 1573 3639 bacchare
1603 3584 1834 3636 frontem
1862 3580 2103 3649 Cingite,
2131 3597 2201 3630 ne
2228 3576 2333 3629 vati

1311 3678 1499 3719 noceat
1522 3664 1661 3717 mala
1688 3662 1871 3731 lingua
1888 3660 2134 3712 futuro.»
2164 3659 2269 3711 En.

1396 3766 1448 3799 2.
1481 3742 1708 3797 Silvestre
1751 3740 1971 3793 nardum.
2012 3728 2243 3807 Ᾰσαρον,
2294 3738 2336 3789 οἱ

1310 3821 1370 3879 δὲ
1403 3819 1583 3895 νάρδον
1616 3824 1787 3893 ἀγρίαν
1818 3824 2047 3881 καλοῦσι,
2080 3818 2335 3880 Diosc.1,

1310 3927 1381 3977 9,
1404 3924 1431 3957 a
1460 3923 1570 3975 quo
1598 3902 1787 3956 iisdem
1814 3902 1924 3953 fere
1950 3898 2125 3952 verbis
2146 3896 2341 3949 descri-

1310 3986 1474 4038 bitur.
1482 3985 1548 4035 In
1573 3982 1801 4037 officinis
1819 3982 2010 4033 retinet
2029 3995 2241 4031 nomen.
2267 3976 2335 4025 H.

1396 4065 1445 4117 3.
1465 4064 1527 4115 Se
1518 4084 1631 4116 men
1656 4068 1912 4115 acinosum.
1938 4060 2149 4112 Florem
2172 4054 2335 4105 habet
