2984 5009
988 466 1305 537 LIBER
1357 466 1570 535 xvt.

2208 466 2353 563 607

236 602 521 671 Deterior
536 591 587 637 ²⁴
615 590 1044 687 AEneatica²⁵‚
1068 614 1136 669 et
1166 598 1509 669 Arcadica.
1550 600 1859 668 Pessimae
1888 601 2268 689 Parnassia,
2291 620 2356 672 et

232 708 545 793 Euboica3
578 710 895 805 quoniam
932 696 1272 777 ιιιιιιοεειικς
1308 707 1399 776 ibi
1449 721 1518 773 et
1555 719 1912 790 contortae,
1969 723 2356 803 putrescen-

232 828 440 931 tesque
477 814 683 885 facile.
716 818 805 885 At
824 811 1121 883 cedrus²⁷
1153 816 1221 881 in
1262 816 1502 898 Creta,
1537 812 1762 881 Africa
1784 866 1804 895 ‚
1832 816 2022 909 Syria
2057 813 2360 887 laudatis-

230 921 394 990 sima.
434 922 630 993 Cedri
660 912 872 992 ole0²⁸
908 934 1235 1067 perauncta
1264 919 1572 989 materies
1615 944 1740 989 nec
1771 922 2049 1005 tineam,
2089 947 2216 993 nec
2260 949 2359 994 ca·
2395 945 2426 999 3

230 1027 375 1095 riem
418 1032 635 1099 sentit.
682 1028 1075 1123 Juniper0²⁹
1118 1026 1351 1095 eadem
1398 1028 1650 1111 virtus,
1682 1051 1829 1157 quae
1869 1027 2090 1097 cedro.
2145 1032 2352 1101 Vasta

228 1130 354 1203 haec
402 1136 467 1203 in
518 1137 878 1229 Hispania,
932 1136 1349 1228 maximeque
1402 1134 1700 1201 Vaccaeis

1723 1117 1776 1157 ³⁰
1812 1160 1828 1202 ε
1873 1116 2163 1204 medulla
2211 1138 2354 1233 ejus

228 1240 608 1337 ubicumque
630 1241 905 1311 solidior
928 1242 1150 1372 estjam,
1166 1264 1363 1335 quam
1387 1239 1645 1309 cedrus.
1673 1240 2022 1311 Publicum
2050 1247 2352 1314 omnium

226 1346 440 1417 vitium
462 1364 709 1419 vocant
730 1334 972 1443 spiras³
1006 1402 1026 1435 ,
984 1347 1151 1416 'ubi
1178 1346 1580 1417 convolvere
1603 1371 1674 1417 se
1692 1371 1878 1417 venae
1891 1335 2127 1443 atque
2134 1348 2354 1421 ²nodi.

224 1452 693 1525 Inveniuntur
674 1480 743 1524 ιιι
766 1454 1206 1549 quibusdam,
1236 1456 1410 1523 sicut
1434 1454 1502 1521 in
1533 1478 1901 1547 marmore,
1941 1470 2172 1525 centra
2184 1441 2262 1545 ³³,
2289 1458 2358 1527 id

296 1706 380 1763 ²6·
416 1700 695 1753 Daret-iores
715 1700 983 1753 AEneatt'ca
1011 1712 1063 1753 et
1081 1702 1243 1753 Area·

222 1778 323 1831 dica
338 1784 591 1852 ,pessima
614 1783 883 1835 Parnassia
921 1793 971 1833 et
996 1782 1049 1833 E
1050 1782 1237 1835 uboae‘ca

223 1858 393 1913 Scribo
416 1862 674 1927 AEam'ea,
706 1880 815 1915 non
845 1862 1147 1924 AEneate'ca,
1174 1880 1238 1914 ex

223 1938 479 2011 Theophr.
508 1942 547 1995 l.
570 1942 645 2006 V,
668 1962 715 1997 c.
746 1941 816 1994 3:
849 1940 1239 2031 «Secundam,

221 2018 410 2091 inquit,
445 2021 720 2075 Ponticam
744 1996 999 2075 tradunt:
1028 2022 1233 2075 tertiam

220 2099 635 2173 Rhyndscicnm:
660 2114 901 2173 quartam
920 2102 1232 2154 AEanicam:

222 2178 547 2235 deterrimam
581 2182 909 2235 Parnassiam
942 2195 1102 2251 atque
1123 2180 1233 2233 Eu·

220 2260 430 2313 boicam.
460 2288 481 2309 a·
531 2262 659 2313 Haec
699 2261 1114 2332 Theophrastus.
1144 2260 1238 2313 Est

220 2352 380 2393 autem
408 2344 577 2395 AEane
606 2342 735 2395 urbs
766 2340 1099 2394 Macedonia
1124 2340 1237 2394 Ste-

220 2419 404 2489 phano.
434 2421 599 2475 Purr.

290 2501 380 2555 25.
398 2500 983 2573 AEneatieo.Theophr.
1006 2502 1234 2559 Αἰανικιὶ.

220 2577 367 2633 Forte
416 2583 669 2638 Almam-31
700 2620 714 2643 ,
761 2582 829 2634 ab
880 2582 1230 2643 AEuisnibus,

220 2676 439 2731 quorum
470 2663 529 2715 in
562 2662 875 2734 regionibus
900 2680 1055 2715 mons
1084 2660 1235 2715 OEta

220 2738 311 2793 fnit
323 2778 340 2801 ,
362 2741 507 2795 silvis
522 2743 760 2795 consitus
774 2780 790 2803 ,
808 2741 901 2794 ubi
920 2742 1021 2795 sibi
1043 2760 1235 2813 rogum

220 2816 461 2875 Hercules
480 2822 691 2875 struxit.
710 2822 787 2874 De
800 2820 885 2874 his
908 2822 1113 2892 egimus
1139 2822 1234 2874 lib.

216 2898 310 2964 IV,
338 2918 455 2973 cap.
490 2900 545 2953 3.
570 2898 749 2955 Hanno.

294 2984 383 3035 26.
412 2984 656 3035 Ramosoe.
688 2981 967 3052 Theopbr.
1007 2981 1203 3033 nodosa
1220 3019 1237 3046 ,

215 3056 386 3119 ὄζῶδη.
411 3064 595 3116 Ηιιιι.

292 3158 377 3207 27.
409 3144 487 3195 Ae
518 3142 720 3203 cedrus,
761 3155 859 3195 etc.
902 3141 1027 3195 Hoc
1073 3143 1234 3195 etiam

216 3217 515 3287 Vitruvius,
548 3222 645 3275 lib.
676 3222 759 3286 11,
780 3238 827 3276 c.
858 3240 922 3291 9,
944 3240 1001 3293 p.
1038 3222 1130 3275 35.
1164 3220 1232 3273 H.

292 3304 385 3356 ²8.
420 3302 573 3356 Gedru·
600 3302 723 3355 oleo.
770 3303 1079 3368 Vitruvius,
1108 3302 1233 3354 loco

214 3376 390 3447 citato,
416 3400 539 3454 pag.
573 3382 646 3445 34
676 3400 689 3433 :
721 3408 745 3429 α
764 3380 1233 3448 Quemadmodum

214 3476 274 3513 cx
316 3480 567 3534 cupresso
602 3474 659 3515 et
702 3462 870 3535 pinu,
914 3462 1129 3515 resina:
1160 3461 1234 3514 sic

212 3556 273 3591 ex
318 3542 483 3596 cedro
532 3544 710 3595 oleum
730 3582 745 3609 ,
791 3541 939 3615 quod
981 3540 1233 3595 cedreum

212 3616 433 3689 dicitur,
462 3624 697 3676 nascitur
717 3640 733 3675 ε
754 3642 863 3695 quo
896 3622 1114 3695 reliquae
1149 3640 1235 3675 res

212 3716 369 3771 quum
400 3715 527 3756 sunt
552 3715 760 3769 unctae,
780 3702 857 3757 uti
896 3704 1053 3755 etiam
1084 3702 1237 3769 libri,

212 3796 239 3830 s
262 3781 417 3835 tineis
440 3794 491 3835 ct
521 3799 550 3834 s
582 3783 723 3836 carie
750 3802 860 3835 non
892 3782 1182 3837 laeduntur.
1204 3808 1227 3829 ι

214 3858 383 3915 Hun-

292 3960 382 4009 ²9-
424 3942 675 4013 Junipaero.
704 3943 925 3995 vitruv·
956 3944 1057 4012 loe.
1086 3943 1229 3995 citat.

217 4044 239 4065 ·
260 4020 463 4074 Cedros
490 4024 849 4095 et-iuniperus
884 4022 1095 4077 easdem
1128 4023 1230 4075 ha·

210 4098 331 4153 bent
364 4102 681 4156 utilitates.»
710 4102 890 4158 naun.

1413 1698 1504 1753 30.
1535 1700 1774 1753 Vacca-is.
1827 1700 2096 1771 Hispaniae
2127 1722 2255 1775 gens
2297 1723 2358 1757 ea

1326 1792 1437 1840 est,
1467 1778 1536 1831 de
1563 1800 1668 1851 qun
1705 1781 1801 1834 lib.
1827 1782 1946 1847 ΙΙΙ,
1973 1802 2090 1853 cap.
2119 1792 2170 1847 4.
2200 1782 2356 1838 Prius

1326 1859 1603 1931 legebatur
1620 1900 1636 1925 ‚
1681 1865 1994 1934 maximaque
2033 1864 2192 1917 bacca
2235 1868 2354 1934 ejus.

1324 1940 1397 1991 At
1431 1940 1483 1991 in
1514 1941 1644 2011 Reg.
1681 1956 1746 2000 ι,
1783 1960 1847 2001 2,
1881 1940 2036 1995 Colb.
2075 1942 2216 2009 ι,3,
2251 1944 2353 1997 Th.

1323 2032 1377 2071 et
1402 2018 1622 2089 reliquis
1639 2059 1654 2084 ,
1675 2038 1843 2071 vaco-ce
1865 2025 1949 2073 eis.
1965 2022 2030 2073 In
2061 2022 2147 2075 ed.
2173 2023 2352 2077 Parm.

1322 2098 1485 2151 δασσα-
1499 2102 1585 2151 eis.
1613 2100 1720 2152 Nos
1735 2100 1996 2153 sinceram
2017 2101 2146 2156 inde
2167 2102 2353 2157 lectio·

1321 2197 1445 2231 nem
1482 2180 1738 2232 eruimus.
1787 2182 1868 2232 De
1911 2182 2150 2234 vastitate
2189 2196 2352 2255 atque

1322 2258 1676 2329 amplitudine
1703 2260 1934 2312 materian
1949 2262 2190 2333 juniperi
2209 2282 2354 2317 nunc

1318 2356 1493 2391 sermo
1520 2351 1627 2391 est:
1653 2337 1720 2391 de
1747 2339 1922 2393 baccis
1938 2340 2172 2411 juniperi
2195 2343 2352 2413 plane

1317 2419 1487 2472 aliena
1520 2418 1622 2472 hoc
1653 2418 1774 2471 loco
1815 2421 2033 2473 mentio.
2065 2422 2250 2476 Huu).

1402 2499 1433 2550 3
1448 2517 1470 2552 ι
1483 2538 1497 2550 .
1508 2496 1698 2570 Spin-as.
1715 2500 1926 2569 Σπιίροις
1950 2518 2164 2573 quoque
2177 2502 2353 2557 Theo·

1316 2578 1570 2649 phrastus
1592 2593 1746 2632 vocat
1759 2621 1773 2643 ,
1787 2580 1934 2631 nist.
1957 2581 2049 2634 lib.
2065 2583 2134 2647 V,
2149 2601 2268 2654 cap.
2296 2582 2350 2647 3,

1318 2658 1754 2713 convolutionem
1809 2678 1924 2713 eam
1981 2664 2350 2731 complurium

1318 2739 1561 2805 orbium,
1595 2758 1753 2811 quam
1793 2758 1969 2811 neque
1999 2740 2204 2795 nodum
2224 2781 2239 2808 ,
2267 2742 2352 2795 in-

1320 2819 1461 2890 quit,
1490 2838 1667 2891 neque
1711 2818 2114 2891 crispitudinem
2161 2824 2352 2876 merito

1318 2897 1521 2953 dixeris
1541 2922 1557 2965 ς
1587 2900 1750 2954 fabris
1769 2900 1930 2971 longe
1949 2901 2225 2958 molestior
2251 2922 2312 2957 es
2332 2943 2348 2970 ,

1320 2978 1706 3050 difficiliorque
1731 2992 1986 3049 tractatu,
2005 3000 2170 3053 quam
2194 2983 2350 3037 nodi.

1320 3059 1500 3112 Hnu).

1403 3138 1498 3192 32.
1541 3140 1641 3191 Ubi
1670 3140 1940 3194 convolvere
1969 3162 2020 3193 se
2043 3162 2184 3195 venoe
2209 3156 2352 3217 atque

1320 3219 1449 3271 nodi.
1468 3220 1577 3271 Ubi
1605 3222 1914 3274 convolutio
1941 3221 2188 3293 quaedam
2206 3222 2272 3276 fit
2293 3224 2349 3275 in

1320 3299 1504 3371 plures
1542 3300 1700 3351 orbes
1731 3316 1746 3352 ε
1781 3318 1942 3371 quam
1977 3320 2074 3354 nec
2107 3300 2348 3369 nodum,

1318 3396 1419 3431 nec
1446 3376 1852 3449 crispitudinem
1873 3382 1998 3450 jure
2028 3380 2260 3448 dixeris,
2277 3383 2352 3436 fn-

1319 3458 1431 3511 bris
1478 3458 1639 3529 longe
1679 3459 1982 3523 molestior,
2014 3472 2350 3534 tractatuque

1320 3537 1600 3592 difficilior
1627 3556 1787 3609 quam
1815 3537 1962 3591 nodi.
1991 3540 2348 3611 Theophrast-

1319 3618 1453 3673 Hist.
1482 3618 1580 3671 lib.
1609 3618 1719 3682 VI,
1751 3637 1869 3689 cap.
1902 3619 1994 3687 39.
2042 3621 2248 3676 Dauo.

1404 3698 1496 3752 33.
1559 3698 1756 3751 Genera.
1804 3698 2042 3751 Groecam
2103 3698 2352 3755 adhibuit

1322 3798 1508 3833 vocem
1527 3798 1544 3829 ι
1565 3796 1688 3830 nam
1717 3780 1895 3849 κέντρα
1909 3778 2151 3850 pat-itera
2172 3781 2351 3834 Theo·

1319 3859 1540 3930 phrasto
1561 3858 1900 3929 appellantur
1912 3859 1968 3911 hi
1993 3858 2238 3913 duriores
2257 3880 2352 3913 no·

1319 3936 1408 4005 di,
1425 3940 1698 3991 clavorum
1723 3939 1899 4000 instar,
1927 3939 1982 3991 in
2015 3939 2202 3993 intima
2219 3940 2351 4010 ligni

1322 4031 1496 4090 perte,
1529 4031 1620 4071 sut
1651 4020 1960 4083 marmoris,
1991 4033 2084 4073 aut
2109 4039 2349 4090 gemmoe.

1322 4099 1413 4153 Sic
1441 4098 1585 4152 enim
1625 4098 1723 4151 lib.
1753 4099 2058 4166 xxxvn,
2085 4120 2203 4173 cap.
2241 4102 2314 4171 39
2335 4140 2350 4167 ‚
