2984 5009
664 461 810 545 464
1188 456 1674 526 c.1²11N11
1731 457 1954 526 NAT.
2011 457 2276 527 HIST.

662 587 951 660 lanceis²
957 586 1305 719 ,pilisque.
1343 591 1582 658 Fasces
1613 565 2112 683 Imperatorum
2149 589 2444 660 decorat.
2487 593 2586 660 Ex
2608 591 2742 662 his
2725 619 2781 662 m

668 698 922 793 gremio
960 679 1181 770 Jovis³
1222 695 1479 789 Optimi
1522 695 1932 789 Maximique
1973 695 2364 789 deponitur,
2421 700 2664 792 quoties
2695 697 2780 770 Ιπ-

670 805 881 872 titiam
942 824 1118 871 nova
1167 802 1446 871 victoria
1511 799 1751 870 attulit.
1810 800 2024 894 quue
2084 827 2222 870 non
2285 805 2446 897 quia
2493 821 2782 941 perpetuo

668 911 872 994 viret,
909 933 1033 978 nec
1060 909 1213 1002 quia
1244 908 1538 1002 pacifera
1569 921 1669 976 est
1688 961 1708 996 ,
1737 906 2150 1002 praeferenda
2187 909 2250 976 ei
2281 924 2564 1004 utroque
2581 897 2782 994 ‘olem

668 1016 786 1086 sed
818 1017 975 1111 quia
1011 1015 1486 1144 spectatissima
1531 1015 1600 1081 in
1643 1029 1872 1084 monte
1907 1015 2274 1083 Parnasso:
2307 1015 2584 1110 ideoque
2611 1019 2778 1088 etiam

672 1137 861 1218 grata
902 1105 1251 1217 Apollini'fi
1296 1121 1572 1189 assuetis
1617 1145 1698 1189 eo
1752 1119 1929 1189 dona
1973 1121 2236 1190 mittere
2275 1121 2414 1216 jam
2455 1138 2522 1192 et
2557 1125 2785 1219 regibus

672 1219 991 1299 Romanis
1012 1279 1031 1314 ‚
1087 1241 1251 1298 teste
1294 1229 1373 1296 L.
1423 1210 1692 1296 Bruto⁶.
1751 1228 2076 1296 Fortassis
2119 1228 2316 1297 etiam
2355 1229 2425 1298 in
2467 1253 2542 1298 a}
2543 1255 2782 1326 gumen

672 1351 853 1420 tum,
896 1335 1212 1428 quoniam
1248 1332 1339 1402 ibi
1373 1331 1746 1401 libertatem
1778 1331 2118 1427 publicam
2163 1335 2216 1404 is
2253 1338 2634 1421 meruisset,
2668 1336 2782 1406 lau·

674 1442 943 1512 riferam
995 1438 1303 1509 tellurem
1357 1437 1540 1507 illam
1591 1437 1930 1509 osculatus
1978 1464 2062 1508 ex
2099 1441 2476 1536 responso7.
2531 1447 2616 1512 Et
2661 1444 2786 1537 quia

676 1692 907 1748 Martial.
934 1691 1031 1744 lib.
1073 1689 1153 1742 Ix
1170 1729 1185 1754 ‚
1224 1688 1481 1761 epigram.
1510 1706 1711 1755 xxxvt,
1793 1689 1992 1760 bylona
2031 1690 2246 1744 tributis
2279 1689 2540 1746 Frenari.
2528 1710 2541 1723 ·
2583 1692 2789 1748 nondum

676 1793 753 1828 vs.
781 1777 814 1828 6
847 1790 861 1824 ε
908 1798 929 1819 ι
948 1771 1241 1823 Victricem
1263 1768 1475 1822 laurum
1498 1807 1516 1832 ‚
1548 1786 1708 1840 quam
1798 1769 2004 1841 gremio
2034 1769 2184 1822 Jovis
2217 1769 2384 1825 indita
2421 1772 2656 1827 laurus.»
2697 1775 2757 1826 Η.

676 1853 827 1906 venit
847 1864 988 1916 ante,
1007 1847 1173 1902 vides.
1197 1875 1220 1896 ι
1249 1849 1561 1901 Ammianus
1580 1866 1714 1920 quo·

677 1952 810 2007 que,
834 1931 930 1985 lib.
961 1927 1099 1983 xvl
1123 1927 1254 2004 def!
1261 1927 1441 1981 uliano
1475 1927 1712 1998 impera-

678 2027 825 2067 tore:
857 2037 880 2059 ·
906 2011 1015 2064 Etsi
1042 2009 1188 2062 verbi
1216 2007 1406 2080 gratia,
1433 2027 1500 2062 eo
1527 2018 1714 2079 agente

679 2106 809 2146 tunc
834 2093 888 2144 in
918 2091 1067 2144 Italia
1085 2127 1102 2153 ,
1135 2087 1244 2141 dux
1277 2085 1497 2160 quidam
1525 2087 1716 2158 egisset

678 2173 889 2227 fortiter
922 2183 1106 2224 contra
1146 2169 1327 2222 Persas
1332 2207 1427 2221 .....
1454 2168 1714 2220 laureatas

679 2253 880 2307 litteras
944 2249 1013 2303 ad
1066 2247 1463 2320 provinciarum
1520 2245 1713 2299 damna

680 2333 950 2395 mittebat,
978 2343 1077 2382 etc.
1102 2355 1125 2376 ι
1164 2335 1340 2400 Atque
1364 2326 1565 2380 idcirco
1589 2343 1714 2378 saue

680 2413 861 2466 laurus
892 2429 921 2464 a
950 2407 1153 2472 Plinio,
1187 2433 1209 2455 ι
1232 2408 1426 2461 laetitia
1458 2405 1716 2459 victoria·

679 2510 911 2564 rumque
940 2489 1125 2542 nuntia
1152 2513 1173 2534 ι
1210 2487 1539 2560 appellatur,
1567 2483 1716 2557 quod

681 2569 973 2626 adderetur
1014 2568 1236 2630 litteris,
1289 2567 1488 2638 quibus
1537 2565 1716 2619 felices

681 2650 751 2705 de
770 2651 989 2705 victoria
1006 2648 1186 2702 nuntii
1207 2648 1626 2701 continerentur·
1643 2645 1713 2698 H.

767 2719 819 2786 π’.
860 2729 1075 2782 Militum
1116 2729 1308 2780 lanceis.
1354 2728 1542 2793 Quum
1586 2725 1716 2778 lanta

681 2831 766 2866 res
789 2821 963 2864 essent
983 2825 1043 2862 ac
1063 2825 1369 2878 prospera:
1396 2804 1546 2877 quod
1564 2803 1718 2858 sacti·

682 2903 851 2945 tatum
896 2907 926 2940 a
972 2886 1217 2958 Pompeii
1255 2886 1518 2938 militibus
1551 2884 1718 2939 refert

684 2968 955 3024 Plutarch.
983 2968 1040 3021 in
1072 2965 1265 3038 Pomp.
1305 2984 1360 3036 p.
1396 2969 1528 3028 640.
1561 2963 1716 3020 Mart.

684 3051 752 3105 de
782 3061 1011 3118 utroque
1043 3064 1191 3099 more
1209 3078 1226 3104 .
1266 3045 1360 3096 lib.
1378 3043 1514 3111 v11,
1543 3044 1716 3116 epigr.

684 3150 742 3184 vt
764 3169 782 3196 ,
829 3147 906 3180 vs.
960 3133 991 3182 5
1041 3143 1055 3179 ε
1123 3151 1147 3174 ο
1193 3123 1417 3179 Publica
1471 3124 1717 3178 victrices

684 3222 944 3264 testantur
987 3204 1183 3280 gaudia
1226 3205 1421 3259 chartae
1441 3243 1458 3270 ,
1520 3203 1716 3258 Martia

682 3290 967 3360 laurigera
991 3285 1211 3359 cuspide
1236 3285 1348 3357 pila
1370 3286 1565 3339 virent.
1587 3311 1609 3332 ι
1645 3283 1716 3336 Η.

767 3371 821 3424 3.
837 3369 898 3421 In
917 3370 1103 3439 gremio
1126 3366 1278 3419 lovis.
1303 3365 1478 3430 Quem
1503 3363 1572 3417 ad
1601 3382 1719 3417 mo-

684 3470 799 3504 rem
828 3448 1063 3520 respexit
1093 3446 1251 3500 Silius
1285 3445 1409 3500 Ital.
1449 3444 1546 3496 lib.
1577 3443 1718 3499 XV:

694 3559 717 3578 u
744 3527 849 3584 Sed
870 3527 1013 3582 dabo
1036 3527 1129 3599 qui
1152 3539 1389 3579 vestrum
1410 3543 1552 3577 saevo
1571 3542 1717 3576 nunc

688 3611 858 3664 Marte
903 3609 1089 3678 fatigat
1126 3605 1423 3677 Imperium
1468 3622 1719 3675 superare

688 3708 891 3754 manu,
942 3689 1260 3758 laurumque
1319 3683 1603 3756 superbam
1655 3685 1720 3736 In

688 3770 897 3842 gremio
922 3767 1077 3821 Jovis
1106 3765 1291 3819 excisis
1309 3763 1580 3836 deponere
1602 3765 1718 3816 Ρω-

690 3851 792 3904 nis.
828 3875 849 3893 ι·
910 3847 1047 3900 Item
1105 3845 1140 3898 J
1146 3845 1217 3900 ul
1283 3844 1595 3914 obsequens
1647 3841 1717 3896 de

689 3927 850 3984 Prodi
840 3927 986 3998 giis,
1025 3943 1145 3996 cap.
1178 3943 1387 3992 cxx1n3
1426 3923 1674 3978 Plinius
1659 3943 1716 3976 m

691 4011 887 4080 Paneg.
914 4025 963 4060 c.
992 4007 1051 4060 8.
1086 4006 1285 4059 Statius
1315 4005 1447 4058 Silv.
1477 4005 1573 4058 lib.
1597 4004 1711 4055 IV:

699 4117 723 4138 ι
754 4091 931 4142 Restat
968 4087 1156 4140 Bactra
1190 4084 1373 4151 novis,
1417 4097 1580 4138 restat
1620 4085 1717 4137 Ba-

1881 1855 1934 1913 4.
1993 1849 2222 1922 Utroque.
2279 1851 2463 1916 Quum
2513 1853 2704 1924 gemina
2742 1871 2790 1906 ea

1795 1927 1922 1982 dote
1952 1929 2105 1983 lauro
2133 1929 2248 1983 olea
2281 1933 2574 1986 antecellat.
2595 1935 2754 1986 Hun-

1880 2009 1935 2063 5.
1978 2009 2188 2081 Ideoque
2215 2013 2360 2063 etitsm
2389 2025 2542 2082 grata
2580 2014 2790 2084 Apollini.

1795 2087 1967 2151 Nam,
2019 2103 2082 2143 ut
2132 2089 2207 2143 ait
2259 2089 2477 2146 Hesiodi
2529 2093 2788 2164 interpres.

1796 2170 1977 2241 ι’νιργεῖ
2047 2171 2168 2240 πρὸς
2236 2171 2626 2243 ἕνθουσιασμοῦς.
2685 2171 2790 2224 Ideo

1795 2251 2028 2318 μαντικὸν
2051 2251 2196 2318 φυτὸν
2217 2251 2543 2306 nominatur.
2573 2251 2789 2324 Sophocl.

1795 2327 1853 2380 in
1895 2327 2218 2382 Cassandra:
2246 2331 2438 2400 Δάφνην
2469 2333 2630 2403 φαγὼν
2657 2327 2790 2384 ὀδόντι

1795 2409 1965 2480 πρίατο
1996 2410 2150 2479 ςόμοι.
2179 2409 2540 2482 Lycophron:
2567 2411 2792 2483 Δαφνηφά-

1795 2506 1895 2558 γων
1934 2486 2157 2558 φοῖῧαζεν
2195 2491 2250 2542 ἐκ
2287 2496 2481 2562 λαιμῶν
2517 2493 2632 2544 ὄπα.
2661 2493 2792 2543 Vates

1797 2580 1940 2621 certe
1963 2567 2118 2622 lauro
2147 2587 2360 2640 semper
2383 2573 2622 2624 coronati
2643 2571 2792 2623 futura

1796 2648 2178 2718 praecinebant.
2201 2647 2346 2702 Vide
2373 2649 2602 2722 Rhodig.
2632 2652 2715 2704 lib.
2735 2650 2790 2711 V,

1797 2745 1916 2799 cap.
1947 2746 2001 2796 7.
2030 2729 2236 2782 Dum-c.

1882 2811 1938 2860 6.
1981 2807 2042 2860 L.
2081 2807 2257 2860 Bruto.
2295 2807 2440 2862 Nota
2466 2829 2532 2864 ex
2562 2810 2702 2863 Livio
2724 2807 2790 2860 hi·

1798 2885 1986 2952 storin,
2010 2887 2108 2940 lib.
2132 2889 2189 2948 1,
2221 2887 2316 2941 ubi
2346 2889 2415 2942 de
2441 2890 2603 2962 Tarq.
2626 2891 2794 2960 Super·

1797 2966 1871 3019 bo
1901 2985 1914 3019 :
1966 2992 1988 3014 ι
2014 2967 2322 3021 Domestico
2363 2972 2638 3024 exterritus
2671 2969 2789 3030 visu,

1797 3047 2040 3119 Delphos
2089 3045 2158 3100 ad
2199 3047 2432 3102 maxime
2471 3049 2712 3120 inclytum
2747 3047 2789 3098 in

1798 3127 1955 3180 terris
1981 3126 2256 3180 oraculum
2279 3129 2496 3182 mittere
2515 3130 2696 3182 statuit.
2711 3125 2792 3180 Ne-

1801 3225 1908 3276 que
1925 3225 2180 3278 responsa
2205 3209 2428 3261 sortium
2449 3209 2547 3262 ulli
2567 3209 2648 3262 alii
2673 3223 2791 3260 eom·

1801 3287 2014 3340 mittere
2037 3304 2193 3340 ausus
2209 3324 2226 3351 ‚
2257 3285 2392 3342 duos
2413 3289 2555 3342 filios
2573 3307 2661 3360 per
2675 3287 2792 3357 igno-

1802 3379 1881 3420 tas
1912 3384 1972 3418 ea
2003 3379 2313 3436 tempestate
2340 3381 2538 3433 terras,
2565 3367 2792 3440 ignotiora

1801 3446 1999 3510 maria,
2038 3447 2094 3498 in
2116 3445 2378 3500 Graeciam
2405 3449 2567 3503 misit.
2594 3449 2728 3501 Titus
2749 3455 2792 3494 et

1801 3531 1981 3579 Aruns
2007 3525 2255 3596 profecti.
2280 3529 2475 3582 Comes
2513 3529 2593 3581 his
2615 3525 2790 3581 additus

1803 3605 1867 3658 L.
1893 3607 1927 3658 J
1932 3625 2022 3659 un.
2050 3605 2245 3660 Brutus
2263 3645 2280 3671 ,
2319 3607 2606 3680 Tarquinis
2643 3619 2790 3660 sorore

1802 3685 1943 3757 regis
1965 3698 2122 3739 natus
2142 3718 2158 3746 ‚
2181 3687 2391 3759 juvenis
2415 3687 2568 3759 longe
2591 3682 2710 3740 alius
2725 3683 2790 3734 iu·

1804 3765 1960 3836 genio
1983 3807 1998 3828 ,
2041 3783 2202 3837 quam
2251 3769 2404 3837 cujus
2447 3767 2790 3821 simulationem

1805 3842 2082 3910 induerat,
2117 3859 2220 3899 etc.
2245 3847 2500 3900 »fluum

1887 3948 1938 3992 7.
1965 3925 2272 3994 Laut-:fimas
2299 3928 2512 3980 tellurem
2537 3927 2659 3979 alam
2681 3940 2789 3974 osa·

1805 4005 1932 4058 latus
1959 4025 2019 4058 ex
2040 4026 2277 4076 response.
2297 4008 2455 4060 Titus
2475 4007 2670 4069 Livius,
2687 3998 2789 4054 Ovi·

1805 4085 1928 4139 dius
1967 4097 2019 4138 et
2061 4086 2152 4140 alii
2189 4102 2462 4154 auctores,
2508 4105 2612 4139 non
2651 4073 2788 4151 expli·
