2984 5009
908 462 1228 531 LIBER
1283 462 1492 565 xlv.
2114 464 2260 561 367

173 599 424 695 vigilias,
453 597 822 693 plurimum
833 596 1130 665 hausisse
1157 618 1298 665 uno
1326 611 1521 690 potu.
1557 594 1913 690 plurimum
1949 614 2267 721 praeterea

173 706 290 775 aliis
327 698 688 777 minoribus
728 702 1096 772 addidisse.
1143 704 1394 797 optima
1439 702 1573 771 fide
1626 726 1763 773 non
1807 708 2165 801 respirasse
2200 710 2265 775 in

174 798 570 883 hauriendo*
573 864 593 897 ,
635 833 850 904 neque
893 808 1270 929 exspuisse·
1307 807 1601 903 nihilque
1648 809 1733 877 ad
1778 808 2211 882 elidendum
2194 840 2262 882 in

173 904 568 1013 pavimentis³
573 917 861 986 'sonum
899 939 980 985 ex
1019 915 1177 984 vino
1222 914 1599 1009 reliquisse,
1637 914 1933 1011 diligenti
1969 919 2137 987 scito
2187 918 2268 989 le-

171 1050 306 1120 gum
349 1038 588 1095 contra
626 1022 894 1105 bibendi
942 1020 1251 1091 fallacias.
1303 1020 1589 1115 Tei-gilla
1638 1010 2017 1091 Ciceroni⁴²
2058 1024 2154 1093 M.
2192 1029 2262 1093 F.
2303 1058 2335 1110 7

173 1131 335 1201 binos
375 1132 650 1226 congios
693 1126 888 1199 simul
924 1128 1192 1197 haurire
1244 1126 1509 1198 solitum
1562 1130 1685 1249 ipsi
1734 1130 2016 1223 objicit:
2076 1132 2267 1200 Mar—

171 1263 352 1333 coque
377 1240 692 1333 Agrippae
729 1258 770 1303 a
811 1233 1176 1305 temulento
1216 1236 1549 1357 scyphum
1581 1236 1963 1331 impactum.
2004 1240 2265 1306 Etenim

175 1344 290 1413 haec
331 1357 483 1413 sunt
533 1341 867 1413 ebrietatis
923 1364 1148 1437 opera.
1177 1342 1335 1411 Sed
1387 1343 1701 1411 nimirum
1763 1343 1935 1412 hanc
1988 1342 2267 1438 gloriam

171 1450 398 1519 auferre
425 1451 667 1521 Cicero
695 1447 908 1517 voluit
942 1448 1352 1519 interfectori
1383 1450 1593 1543 patris
1620 1450 1718 1518 sui
1758 1435 1925 1517 M.⁴³
1958 1452 2267 1520 Antonio.

173 1558 228 1625 ls
257 1544 484 1627 enim⁴⁴
529 1570 686 1626 ante
729 1578 880 1625 eum
930 1553 1304 1624 avidissime
1343 1554 1874 1650 apprehenderat
1923 1556 2097 1627 hanc
2140 1556 2275 1652 pal-

173 1687 356 1749 mam,
381 1662 562 1733 edito
601 1664 798 1732 etiam
829 1660 1172 1731 volumine
1202 1660 1288 1729 de
1317 1682 1434 1731 sua
1479 1661 1835 1732 ebrietate:
1868 1687 2002 1755 quo
2044 1677 2273 1757 patro-

172 1771 346 1840 cinari
369 1769 494 1839 sibi
524 1792 757 1855 ausus,
801 1768 1196 1863 approbavit
1232 1766 1428 1863 plane
1469 1757 1577 1860 (ut
1610 1768 1913 1863 equidem
1959 1760 2275 1860 arbitror)

171 1892 388 1969 quanta
433 1874 608 1945 mala
657 1900 778 1970 per
833 1873 1288 1945 temulentiam
1341 1888 1667 1945 terrarum
1725 1874 1871 1944 orbi
1930 1874 2272 1945 intulisset.

68 1972 71 1989 ’
175 1984 404 2079 Exiguo
431 1998 734 2077 tempore
761 1996 914 2050 ante
940 1978 1242 2076 praelium
1275 1982 1621 2050 Actiacum
1663 1979 1731 2049 id
1769 1980 2081 2049 volumen
2118 2004 2274 2051 evo-

171 2093 310 2159 muit
338 2116 352 2158 :
388 2115 524 2187 quo
554 2086 745 2157 facile
779 2085 1183 2181 intelligatur
1215 2087 1438 2155 ebrius
1464 2086 1603 2179 jam
1642 2086 1962 2181 sanguine
2000 2088 2275 2174 civium,

68 2282 70 2287 .
169 2210 222 2263 et
259 2211 439 2266 tanto
480 2196 692 2290 magis
733 2218 884 2263 eum
931 2194 1172 2265 sitiens.
1235 2192 1546 2287 Namque
1609 2206 1676 2261 et
1726 2192 1873 2261 haec
1924 2196 2277 2265 necessitas

68 2294 70 2329 ⁵
171 2302 378 2373 vitium
425 2304 817 2387 comitatur,
857 2314 932 2369 ut
972 2297 1240 2368 bibendi
1285 2297 1699 2367 consuetudo
1736 2314 1975 2393 augeat
2013 2300 2281 2371 avidita-

68 2510 70 2519 ·
169 2486 434 2540 vomitione
453 2486 686 2539 levatum
705 2482 865 2537 fuisse
881 2481 1012 2536 dicit
1025 2521 1041 2547 ,
1061 2500 1164 2535 nec
1252 2512 1334 2522 —
1365 2480 1586 2551 Ter-gilla
1628 2481 1849 2535 Ciceroni
1852 2522 1946 2537 .....
1986 2484 2121 2537 binos
2163 2506 2277 2538 con-

168 2566 320 2619 trita.
345 2566 528 2619 Ham).
1249 2564 1360 2631 gios
1385 2562 1532 2613 simul
1565 2560 1761 2613 haurire
1792 2565 1889 2633 ipsi
1924 2563 2103 2633 objicit.
2150 2566 2275 2621 Bini

68 2686 70 2701 .
232 2652 318 2708 4⁰.
355 2647 474 2700 Non
512 2644 766 2714 respit-usse
803 2644 854 2693 t'n
882 2640 1160 2694 hauriendo.
1251 2640 1433 2713 congii
1475 2653 1600 2695 sunt
1641 2640 1991 2705 parisienses,
2027 2654 2089 2696 ut
2130 2664 2275 2699 nunc

68 2734 70 2763 ;
167 2721 260 2777 flac
285 2726 445 2797 paulo
474 2735 596 2776 ante
631 2720 766 2775 dixit
805 2740 900 2773 uno
941 2724 1118 2791 impetu
1142 2760 1158 2784 ,
1252 2718 1530 2787 dicuntur,
1549 2724 1704 2791 pimoe
1734 2734 1954 2793 septem.
1983 2723 2157 2778 Buor.

68 2800 70 2819 ⁵
169 2805 366 2873 ᾰμςὶρι
392 2802 601 2863 &mnus-l
623 2800 800 2855 Groeci
823 2838 840 2865 ,
867 2798 1010 2853 unde
1037 2802 1164 2871 ἀμυ-
1336 2798 1426 2865 43.
1456 2800 1535 2852 M.
1561 2802 1797 2853 Antonio.
1832 2801 1911 2867 Is,
1941 2814 2071 2857 teste
2094 2802 2277 2859 Pater-

169 2884 290 2945 ςίζιιν
313 2879 620 2956 :quomodo
640 2880 780 2933 Dion
803 2878 988 2932 scribit
1010 2880 1167 2933 Com·
1249 2878 1402 2957 culo,
1429 2878 1628 2933 hedera
1652 2879 1936 2935 redimitus
1956 2920 1973 2947 ,
1997 2902 2157 2937 aurea
2185 2904 2276 2939 co-

68 2978 71 2991 ·
169 2962 363 3025 modum
405 2964 460 3016 in
505 2960 718 3015 theatro
762 2959 897 3013 feras
943 2976 1008 3013 ex
1055 2960 1164 3012 alto
1251 2976 1386 3011 rona
1433 2970 1635 3025 tectus,
1685 2960 1975 3015 cothurnos
2021 2961 2236 3019 indutus
2260 3006 2276 3030 ‚

68 3054 70 3063 ²
167 3043 322 3107 jaculis
350 3042 692 3113 impetentem
712 3078 728 3105 ,
775 3038 934 3092 dulce
975 3037 1162 3091 vinum
1254 3058 1414 3091 curru
1437 3052 1643 3105 vectus,
1670 3038 1922 3093 Liberum
1954 3055 2157 3114 patrem
2181 3065 2276 3098 vo-

68 3142 70 3145 >
169 3120 325 3176 bibere
354 3121 592 3187 solitum,
619 3120 942 3173 acclamante
961 3120 1167 3189 populo
1255 3118 1362 3171 cari
1390 3136 1444 3171 ee
1465 3116 1636 3189 jussit.
1664 3118 1846 3183 Quum
1869 3139 1997 3193 ergo
2016 3122 2090 3175 sic
2112 3124 2275 3177 Athe-

168 3202 576 3265 timiamate.
1252 3197 1459 3251 nienses
1485 3198 1827 3265 salutassent,
1872 3220 1931 3253 ac
1973 3214 2032 3253 ut
2075 3202 2276 3257 Miner-

235 3288 320 3345 41.
363 3282 460 3335 Aa
501 3278 767 3333 elidendum
796 3279 846 3330 in
865 3280 1164 3349 pavimentis.
1253 3294 1374 3329 vam
1389 3278 1605 3331 suumin
1622 3278 2019 3333 matrimonium
2032 3280 2275 3349 duceret,

169 3360 284 3415 Eum
316 3379 516 3415 morem
558 3359 760 3425 indicat
799 3357 1050 3411 Horatius
1083 3356 1169 3410 his
1254 3367 1529 3427 rogarent,
1553 3356 1843 3411 ducturum
1866 3360 1910 3411 is
1941 3360 2038 3424 ait,
2071 3360 2162 3414 sed
2186 3360 2277 3415 do·

68 3492 70 3507 ÷
169 3442 414 3495 versibus:
437 3466 462 3489 ι
490 3436 924 3493 Absumethaeres
938 3436 1166 3491 Cecuba
1255 3434 1324 3489 tis
1345 3436 1562 3490 nomine
1587 3436 1850 3509 imperare
1870 3456 1925 3493 se
1945 3440 2089 3493 mille
2116 3442 2279 3494 talen·

68 3546 70 3555 ·
167 3518 380 3592 dignior,
417 3520 649 3573 Centum
670 3530 869 3571 servata
893 3516 1163 3584 clavibus,
1253 3529 1325 3569 ta.
1353 3514 1595 3569 Imitatus
1624 3530 1701 3570 est
1728 3528 1928 3571 tantam
1949 3518 2205 3574 insaniam
2225 3534 2279 3575 et

68 3606 70 3631 ἓ
169 3600 568 3671 etmeroTinget
587 3597 951 3670 pavimentum
981 3614 1164 3668 super·
1254 3594 1523 3669 Caligula.
1547 3608 1601 3649 et
1617 3598 1985 3662 Commodus,
2007 3599 2278 3671 Antigono

68 3678 70 3681 ’
171 3678 226 3731 lio
245 3720 260 3747 ,
301 3680 623 3734 Pontificum
664 3679 872 3749 potiore
921 3678 1099 3729 coenis.
1135 3702 1156 3723 ι
1255 3688 1308 3729 et
1341 3674 1657 3729 Mithridate
1693 3678 1803 3747 jam
1840 3691 1992 3731 antea
2038 3677 2213 3753 Diony
2218 3680 2281 3733 sii

168 3757 288 3813 Vide
311 3757 490 3813 Rhod.
531 3758 628 3811 lib.
658 3756 934 3822 xxvm,
961 3772 1079 3827 cap.
1109 3754 1162 3809 5.
1255 3754 1464 3808 cultum
1499 3769 1553 3810 et
1584 3774 1783 3809 nomen
1828 3776 2083 3829 usurpare
2120 3758 2278 3813 ausis.

169 3829 564 3901 ἑποιοτταὸἶζειν
611 3836 668 3891 id
725 3836 899 3890 Graeci
961 3834 1165 3890 dicunt.
1255 3832 1392 3887 uad.
1419 3836 1547 3887 Jun.
1577 3818 1673 3888 lib.
1704 3838 1788 3903 V,
1816 3856 1932 3909 cap.
1982 3857 2031 3891 ι.
2080 3840 2280 3893 Seneca

68 3924 71 3981 j
173 3916 350 3973 Dine.
1256 3914 1487 3967 suasoria
1517 3930 1567 3966 1.
1596 3916 1797 3969 Daue.

240 4004 318 4059 4²·
367 4000 592 4053 Ciceroni
637 3996 713 4048 M.
763 3996 829 4049 F.
875 3994 952 4047 M.
997 3994 1168 4047 Tullii
1341 3998 1434 4057 44.
1459 3992 1512 4045 Is
1533 3998 1675 4046 enim.
1692 3994 1768 4048 M.
1799 3998 2067 4051 Antonius
2094 3999 2280 4052 trium·

170 4074 282 4131 mio.
326 4079 410 4133 sse
449 4070 1166 4149 mss,neg.colh.etc.11.
1258 4068 1564 4127 vinnm».
