2984 5009
993 485 1305 555 LIBER
1362 487 1574 554 XVI.

2195 486 2344 572 485

226 616 311 683 Ut
358 638 467 745 ser³
460 627 649 683 vatus
702 612 1033 683 fateatur:
1092 614 1253 686 alias
1309 631 1511 687 testes
1553 614 1644 685 nil
1686 632 1985 713 prosunt.
2041 620 2140 687 Ut
2188 621 2350 689 civis

224 705 467 791 fuerit:¹³

496 744 511 789 ε
568 707 880 789 auxilia²⁴
892 773 911 806 ,
959 724 1261 816 quamvis
1306 746 1463 819 rege
1509 738 1812 811 servato,
1857 723 2060 793 decus
2102 724 2168 793 id
2214 750 2350 794 non

222 826 389 895 dant.
438 830 581 897 Nec
643 827 886 897 crescit
935 826 1151 899 honos
1215 828 1390 899 idem
1459 778 1860 925 imperatore
1913 846 2352 919 conservato,

222 935 517 1027 quoniam
558 932 981 1004 conditores²
962 920 1011 959 ²⁵
1056 936 1125 1003 in
1166 960 1590 1031 quocumque
1642 937 1810 1007 cive.
1835 961 2168 1006 summum
2211 964 2352 1008 esse

224 1038 496 1111 voluere.
531 1044 829 1135 Accepta
864 1038 1018 1111 licet
1053 1043 1151 1111 uti
1175 1058 1520 1138 perpetuo.
1548 1042 1778 1114 Ludos
1804 1044 2056 1113 ineunti
2089 1068 2352 1140 semper
2389 1054 2421 1107 3

222 1147 503 1242 assurgi,
564 1147 765 1217 etiam
815 1146 899 1216 ab
956 1162 1223 1233 senatu,
1278 1151 1576 1220 inmore
1613 1164 1734 1220 est.
1793 1148 2080 1221 Sedendi
2119 1150 2230 1245 jus
2283 1152 2350 1219 in

220 1254 511 1348 proximo
550 1254 827 1323 senatui.
874 1254 1157 1325 Vacatio
1202 1280 1557 1325 munerum
1595 1257 1891 1325 omnium
1939 1258 2098 1352 ipsi,
2145 1260 2349 1353 patri-

220 1384 371 1453 que,
437 1375 508 1429 et
546 1385 677 1429 avo
719 1373 1019 1455 paterne.
1074 1362 1602 1451 Quatuordecim
1643 1386 1754 1433 eas
1791 1364 2051 1458 accepit
2098 1364 2350 1433 Siccius

221 1468 575 1547 Dentatus,
618 1480 694 1535 ut
733 1456 1147 1537 retulimus*
1175 1494 1298 1539 suo
1341 1467 1539 1539 loco.
1587 1494 1701 1539 sex
1743 1468 2157 1564 Capitolinus
2177 1469 2244 1538 ⁸.⁷
2283 1474 2350 1541 Is

220 1572 469 1667 quidem
508 1586 577 1643 et
609 1572 692 1643 de
721 1573 892 1642 duce
918 1572 1220 1644 Servilio.
1252 1562 1670 1646 Africanus¹⁸
1712 1576 1794 1645 de
1831 1590 2018 1671 patre
2049 1578 2349 1669 accipere

218 1677 417 1749 noluit
440 1679 622 1775 apud
646 1678 1021 1750 Trebiam¹⁹
1024 1683 1143 1750 ,O
1180 1706 1402 1751 mores
1438 1698 1753 1770 aeternos,
1789 1684 1904 1777 qui
1933 1697 2116 1763 tanta
2145 1708 2348 1778 opera

219 1785 461 1855 honore
502 1784 646 1855 solo
687 1786 1129 1858 donaverint:
1175 1802 1241 1857 et
1277 1813 1483 1883 quum
1527 1788 1814 1884 reliquas
1857 1812 2140 1859 coronas
2181 1814 2346 1859 auro

218 1893 799 1980 commendarent,
858 1892 1137 1963 salutem
1191 1896 1354 1964 civis
1396 1898 1467 1964 in
1522 1898 1736 1990 pretio
1785 1919 1926 1965 esse
1975 1892 2226 1965 nolue1
2195 1911 2344 1966 mt

216 1998 380 2068 clare
416 1997 773 2095 professi²⁰
777 2052 796 2087 ,
819 2024 905 2069 ne
935 2002 1185 2070 servari
1220 2000 1488 2097 quidem
1519 2001 1858 2071 hominem
1884 2001 1983 2070 fas
2008 2026 2150 2071 esse
2181 2000 2347 2071 lucri

214 2129 419 2176 causa.

316 2214 427 2282 VI.
472 2201 623 2305 (v.)
685 2212 979 2284 Glandes
1025 2215 1226 2311 ope1s¹
1272 2242 1415 2287 esse
1454 2242 1634 2287 nunc
1681 2240 1949 2311 quoque
1987 2214 2344 2285 multarum
2391 2254 2411 2282 ι

216 2378 569 2451 pugnantibus
614 2378 834 2431 retineri
881 2398 993 2432 non
1046 2381 1230 2451 quive-

214 2458 291 2511 rit.
326 2484 349 2505 ι
388 2460 571 2512 BARB-

292 2558 311 2592 1
325 2536 379 2592 3.
416 2538 485 2592 Ue
514 2540 630 2590 civis
646 2539 818 2607 suerit.
855 2537 967 2603 Qui
998 2553 1232 2593 servatus

216 2616 365 2672 suerit
384 2657 401 2683 ,
436 2618 529 2689 qui
556 2634 816 2671 coronam
849 2610 1075 2673 dederit.
1104 2618 1231 2673 Gel-

214 2696 305 2751 lius
320 2698 361 2752 l.
384 2716 435 2751 c.
462 2697 683 2751 ·Civica
700 2714 897 2751 corona
912 2698 1231 2770 appellatur,

215 2796 363 2848 quam
386 2776 516 2831 civis
536 2776 675 2843 civi,
696 2796 727 2831 a
746 2795 859 2850 quo
870 2792 1103 2832 servatus
1122 2792 1201 2833 est
1215 2819 1231 2844 ‚

214 2857 264 2909 in
286 2856 474 2929 pralio
517 2868 705 2911 testem
750 2857 900 2925 vitae,
945 2857 1231 2930 salutisque

214 2948 469 3009 perceptae
498 2936 612 2991 dat.
644 2963 667 2984 ι
704 2936 887 2991 Hnm.

292 3024 379 3082 14.
414 3017 642 3070 Auxilia.
672 3017 844 3070 Parm.
872 3018 1085 3071 auxiliis.
1126 3018 1229 3071 En.

216 3126 287 3137 --
324 3097 555 3152 Auxilia.
604 3096 955 3167 Praerogativa
1006 3099 1121 3151 hnc
1154 3110 1233 3151 est

216 3176 431 3231 civitatis
469 3194 723 3230 romane.
751 3175 907 3231 Miles
928 3176 1233 3243 auxiliaria

214 3269 299 3310 ant
330 3256 691 3311 mercenarius
710 3295 725 3317 .
773 3257 973 3309 nullam
1026 3269 1231 3329 partem

214 3333 364 3390 habet
390 3334 612 3407 hujusce
636 3335 839 3397 laudis,
867 3349 920 3391 et
930 3337 1130 3409 glorias.
1158 3337 1229 3391 H.

292 3435 314 3469 ι
328 3416 381 3470 5.
405 3414 709 3469 conditores.
731 3416 885 3489 Legis
905 3428 1145 3471 auctores
1162 3415 1230 3469 de

216 3510 404 3549 corona
434 3495 604 3550 civica
633 3493 827 3549 danda.
856 3498 1035 3551 Hann.

294 3579 379 3631 16.
418 3574 488 3629 Ut
512 3575 773 3628 retulimus.
802 3576 920 3631 Lib.
948 3578 1228 3647 V11,cap.

221 3672 299 3723 ²9·
322 3656 503 3711 nnn.

294 3752 375 3805 17.
405 3734 727 3806 Capitolinus.
744 3736 821 3789 Μ.
838 3736 1067 3789 Manlius
1088 3776 1104 3801 ,
1128 3756 1232 3789 set·

216 3813 587 3886 vaticapitolii
623 3811 818 3869 decore
856 3815 1123 3887 inclytus,
1178 3830 1231 3869 et

216 3892 281 3946 ob
295 3891 351 3946 id
370 3893 657 3965 Capitolini
671 3913 971 3966 cognomen
983 3896 1197 3949 sortitus
1215 3914 1229 3949 :

218 3990 281 4025 cx
313 3974 406 4026 illo
443 3974 592 4045 ipso,
638 3974 789 4048 quod
826 3988 1023 4029 tutatus
1073 3989 1185 4029 erat
1212 4015 1229 4041 ,

217 4049 437 4123 Tarpeio
460 4071 583 4107 saxo
602 4052 835 4123 dejectus
854 4094 872 4119 ,
916 4074 1037 4108 ann.
1066 4056 1135 4109 U.
1162 4054 1227 4109 C.

224 4130 339 4201 370.
367 4133 583 4199 Livius,
624 4134 721 4189 lib.
764 4134 878 4202 vl,
912 4154 1031 4207 pag.
1087 4154 1229 4201 112,

1318 2380 1510 2434 civicas
1531 2392 1654 2433 octo
1681 2382 1827 2433 hunc
1848 2380 2087 2434 retulisse
2111 2382 2180 2433 ait
2196 2419 2212 2445 ,
2239 2400 2348 2434 ser-

1318 2472 1464 2513 vatos
1496 2480 1559 2513 ex
1577 2460 1814 2513 hostibus
1835 2460 1977 2513 cives
1999 2459 2344 2531 produxisse,

1316 2540 1457 2617 inter
1502 2559 1638 2613 quos
1689 2540 1975 2593 Servilium
2029 2541 2346 2611 magistrum

1317 2619 1557 2691 equitum
1637 2620 1906 2673 absentem
1987 2620 2342 2673 nominatum.

1318 2697 1460 2752 Vide
1487 2717 1607 2771 qun
1632 2698 1862 2752 diximus
1899 2698 1990 2752 lib.
2025 2700 2137 2753 VII
2162 2740 2178 2763 ,
2224 2720 2342 2773 cap.

1323 2800 1413 2849 ²9·
1437 2780 1622 2833 Ham).

1404 2860 1493 2913 18.
1521 2860 1808 2927 Africanus.
1839 2858 2022 2931 Scipio
2061 2859 2344 2913 Africanus

1318 2940 1532 3003 minor,
1573 2940 1666 3011 qui
1718 2938 2094 3009 Carthaginem
2158 2950 2342 3010 postea

1317 3019 1772 3091 Numantiamque
1796 3018 2008 3074 delevit.
2039 3016 2181 3071 Vide
2217 3018 2342 3071 Flo-

1316 3118 1469 3165 rum,
1499 3100 1594 3153 lib.
1621 3100 1705 3166 11,
1729 3118 1847 3171 cap.
1875 3102 1908 3152 6
1930 3139 1947 3164 ,
1980 3117 2100 3171 pag.
2128 3102 2218 3153 60.
2241 3098 2310 3151 Η.

1403 3198 1486 3249 ¹9.
1515 3179 1671 3249 Apud
1695 3180 1931 3232 Trebium.
1958 3177 2024 3232 1d
2045 3179 2248 3231 facinus
2269 3176 2338 3231 ad

1314 3258 1566 3311 Trebiam
1593 3277 1808 3329 quoque
1840 3256 2118 3331 contigisse
2148 3256 2337 3326 Polyb.

1316 3338 1478 3391 refert
1496 3338 1594 3390 lib.
1615 3338 1740 3390 XV.
1770 3338 1991 3401 Florus,
2029 3360 2050 3381 ι
2075 3336 2217 3389 inter
2241 3336 2339 3388 Pa-

1314 3414 1444 3469 dum
1475 3429 1530 3470 et
1546 3416 1814 3485 Ticinum..
1841 3442 1863 3463 ι
1895 3416 2032 3469 Item
2054 3416 2175 3468 Val.
2195 3416 2337 3469 Max.

1314 3495 1410 3549 lib.
1428 3497 1500 3561 V,
1523 3514 1638 3567 cap.
1660 3504 1692 3561 4
1715 3533 1732 3561 ,
1772 3509 1826 3549 et
1851 3498 2047 3549 Seneca
2067 3494 2136 3548 de
2153 3495 2336 3548 Benef.

1314 3577 1407 3630 lib.
1423 3576 1532 3639 ΙΙΙ,
1554 3595 1670 3649 cap.
1692 3575 1780 3629 33.
1811 3576 1994 3629 Hnn.

1400 3676 1488 3710 πο.
1503 3656 1875 3728 Clareprosessi,
1887 3667 1986 3709 etc.
2001 3655 2088 3711 Sic
2102 3672 2164 3708 ex
2179 3654 2335 3707 MSS.

1317 3734 1604 3790 em.Bm·d.
1624 3755 1769 3791 cons.
1791 3736 1963 3789 Turn.
1991 3747 2044 3789 et
2072 3734 2172 3789 Ch.
2201 3736 2336 3787 clara

1314 3818 1610 3887 professione
1647 3821 1828 3869 servari
1868 3814 2055 3886 quidem
2107 3814 2338 3867 hornimm

1320 3898 1455 3964 nesus
1477 3916 1576 3948 esse
1593 3899 1632 3952 l.
1657 3918 1699 3951 c.
1729 3896 1826 3950 Gr.
1859 3907 1911 3949 et
1939 3894 2030 3949 ΔΙ.
2057 3896 2160 3948 En.

1356 3970 1361 3973 ¹
1401 3977 1496 4029 VI.
1541 3995 1588 4028 1.
1630 3976 1849 4032 Glandes
1871 3995 2012 4045 opes,
2036 3988 2134 4029 etc.
2163 3974 2339 4025 Theo-

1318 4056 1595 4126 phrastus,
1624 4057 1762 4112 Hist.
1793 4056 1885 4111 lib.
1913 4056 2024 4121 111,
2070 4073 2186 4126 cap.
2224 4073 2256 4121 9
2287 4066 2350 4105 et

1324 4155 1409 4189 20.
1434 4138 1636 4191 Daue,
2057 4202 2082 4240 3

1956 4214 2038 4286 31
