2984 5009
609 454 749 525 612

610 590 765 660 lices
828 613 911 657 ex
970 570 1411 656 te1eb1ntho

539 714 572 767 8
609 692 961 793 probatur¹
944 681 993 724 ¹⁴

1159 455 1233 521 C.
1289 452 1622 521 PLINII
1671 452 1884 521 NAT.
1931 438 2194 520 HIST.

1477 585 1708 657 solitus
1774 585 1993 656 facere
2047 598 2248 655 torno
2274 637 2310 706 ,ξ
2371 609 2494 680 per
2531 610 2721 715 quem

1020 693 1346 763 materies,
1376 695 1698 762 Omnium
1732 692 1876 761 haec
1905 676 2108 762 soba
2149 692 2314 786 ungi
2350 676 2558 761 vult'⁶
2559 718 2726 779 ‚·me

610 804 865 897 liorque
901 799 1049 870 oleo
1096 800 1189 868 fit.
1234 798 1437 869 Colos
1478 802 1646 868 mire
1692 797 2102 868 adulteratur
2143 796 2462 893 juglande
2497 823 2576 868 ac
2603 801 2730 894 piro

612 909 895 992 silvestri
925 908 1181 994 tinctis,
1209 920 1409 1000 atque
1434 908 1503 974 in
1547 906 1987 975 medicamine
2027 904 2339 974 decoctis„
2385 906 2736 993 Omnibus»,

612 1041 761 1112 quae
808 1015 1127 1096 diximm,
1168 1013 1374 1107 spissa
1419 1013 1716 1082 firmitas.
1767 1012 1872 1081 Ab
1907 1012 2014 1081 his
2051 1010 2396 1107 proxima*
2401 1012 2568 1081 ⁷est
2609 1038 2738 1082 cor·

614 1148 783 1193 nus·
766 1144 1196 1217 ‚quanquam
1237 1144 1373 1189 non
1403 1133 1628 1214 potest
1671 1118 1884 1188 videri
1911 1119 2224 1189 materies
2259 1105 2598 1214 propter¹⁸
2624 1120 2740 1188 exi·

616 1229 907 1315 litatem,
948 1226 1063 1297 sed
1102 1225 1355 1321 lignum
1383 1250 1524 1295 non
1563 1224 1695 1295 alio
1730 1223 1986 1321 paene¹⁹

618 1460 730 1513 aive
760 1475 821 1511 ex
844 1468 1062 1527 argento
1077 1492 1092 1519 ,
1111 1454 1319 1508 vitrove
1331 1493 1347 1520 ,
1366 1454 1648 1508 Thericlea

618 1536 951 1591 dicebantur.
999 1533 1216 1599 suidas,
1251 1534 1530 1605 Θηρίκλειον
1559 1553 1650 1587 πο-

622 1618 812 1687 τήριον,
840 1616 1028 1668 ὑαλινὸν
1055 1614 1293 1686 exponit.
1318 1613 1502 1667 Halm.

708 1698 797 1750 13.
862 1694 1051 1747 Calices
1093 1715 1154 1746 ex
1200 1693 1464 1745 terebintho
1486 1732 1503 1755 ,
1549 1705 1649 1746 etc.

620 1778 797 1848 Lege:
819 1796 841 1817 ι
857 1774 1064 1828 Calices
1105 1793 1170 1827 ex
1216 1773 1522 1826 terebintho
1566 1792 1652 1826 ao·

623 1858 750 1910 litus
790 1856 962 1909 facere
998 1866 1192 1913 tome,
1234 1872 1492 1925 perquam
1525 1872 1651 1923 pro·

625 1936 794 1991 batos.
826 1934 1075 1987 Materies
1102 1932 1353 1986 omnium
1387 1934 1504 1986 haec
1545 1934 1657 1986 sola

625 2015 756 2086 ungi
781 2016 913 2067 vult.
940 2038 961 2060 ι
993 2011 1167 2065 Valde
1190 2012 1443 2083 probatos
1470 2011 1658 2065 calices

627 2115 692 2149 ex
722 2094 1025 2147 terebintho
1044 2105 1260 2145 tornare
1278 2091 1493 2145 solitum
1525 2089 1661 2144 dicit

625 2175 775 2228 hunc
796 2172 1132 2237 Thericlem,
1160 2172 1252 2243 qui
1290 2172 1358 2224 ab
1392 2190 1459 2224 eo
1491 2172 1659 2223 Theri-

630 2256 723 2308 εἰεί
750 2266 873 2307 sunt
898 2252 1179 2307 nominati.
1209 2250 1660 2305 Sum—Calices

630 2356 658 2386 e
691 2332 951 2386 terebintho
973 2332 1144 2385 solitas
1164 2333 1334 2400 facere
1376 2343 1515 2383 tomo
1535 2368 1553 2395 ‚
1572 2350 1665 2401 per

633 2433 769 2486 quem
788 2412 1028 2485 probatur
1050 2414 1287 2485 materies.
1312 2410 1539 2464 Omnium
1560 2410 1663 2462 lioee

633 2495 739 2550 sola
772 2529 790 2556 ‚
835 2505 936 2545 etc.
987 2489 1341 2561 scribendum
1402 2488 1619 2545 videtur
1645 2527 1660 2550 ‚

642 2600 666 2622 ι
688 2573 891 2628 Calices
915 2590 946 2624 e
972 2570 1276 2624 terebintho
1296 2569 1478 2623 solitus
1492 2570 1666 2624 facere

637 2665 796 2706 torno
808 2670 824 2717 ς
838 2669 931 2705 cor
948 2654 1106 2721 cujus
1121 2650 1396 2722 probatur.
1415 2650 1667 2703 Materies

641 2733 890 2786 omnium
916 2731 1031 2783 haec
1049 2730 1188 2794 sola,
1220 2742 1317 2783 etc.
1342 2754 1364 2775 ι
1385 2728 1664 2801 Theophr.

638 2812 738 2866 lib.
760 2813 833 2874 V,
855 2828 903 2863 c.
930 2814 962 2873 4
982 2828 995 2861 :
1025 2836 1047 2857 ι
1072 2811 1143 2863 Et
1168 2809 1361 2880 pocula
1388 2809 1668 2861 Thericlea

642 2888 844 2945 tornati
870 2907 990 2961 quo
1014 2908 1045 2942 a
1072 2888 1325 2943 fictilibus
1340 2888 1544 2941 secerni
1558 2908 1669 2942 non

642 2981 866 3041 possunt
891 2986 905 3020 :
928 2986 1113 3020 verum
1144 2984 1236 3021 cor
1264 2976 1469 3020 tantum
1498 2968 1672 3046 accipi

645 3062 699 3104 et
718 3047 947 3121 perungi
987 3047 1261 3100 materiam
1300 3060 1550 3117 oportere
1577 3066 1671 3101 vo-

646 3131 782 3183 lunt.
808 3154 830 3176 ι
864 3128 1025 3181 Pur.
1048 3158 1127 3169 —·
1169 3124 1359 3185 Calices
1383 3146 1444 3179 ex
1467 3127 1673 3180 terebe‘n·

648 3210 755 3268 tho,
784 3221 888 3262 etc.
920 3207 1070 3273 Quos
1090 3226 1123 3259 a
1153 3206 1349 3277 figlinis
1374 3204 1675 3261 discernere

648 3289 800 3343 facile
811 3304 923 3341 non
936 3298 1067 3340 erat.
1078 3286 1353 3358 Th‘eophr.
1367 3286 1678 3340 Corinthius

652 3369 696 3423 is
719 3366 993 3421 Thericles
1028 3366 1147 3420 fuit.
1178 3364 1411 3431 Quidam
1432 3366 1676 3437 θηρίκλιια.

651 3446 793 3502 dicta
823 3446 1043 3511 volunt,
1068 3444 1217 3518 quod
1245 3446 1299 3497 in
1344 3445 1409 3497 iis
1436 3446 1562 3499 fera
1595 3446 1678 3499 in·

652 3527 1037 3599 sculperentur.
1062 3522 1289 3594 Rhodig.
1312 3524 1409 3579 lib.
1433 3524 1648 3579 XXVII
1663 3566 1676 3588 .

655 3627 772 3678 cap.
802 3625 892 3677 ²7·
917 3606 1164 3677 Figulum
1184 3604 1526 3658 Corinthium
1541 3606 1682 3659 The-

654 3688 841 3740 riclem
864 3684 1021 3737 fuisse
1036 3721 1054 3747 ,
1076 3703 1186 3736 non
1208 3697 1384 3736 autem
1400 3704 1556 3737 usum
1574 3697 1683 3738 tor-

656 3786 729 3819 no
748 3808 764 3831 ,
798 3764 981 3817 scribit
1012 3762 1330 3827 Atbenaeutz,
1353 3764 1389 3817 l.
1414 3764 1511 3816 xl.
1530 3763 1682 3817 Idem

658 3858 836 3899 tamen
864 3862 935 3895 ex
969 3842 1317 3914 Apollodoro
1353 3842 1526 3896 Geloo
1557 3844 1684 3897 citat

656 3928 921 3994 Θηρίκλεια.
946 3924 1169 3994 τορευτά.
1204 3924 1337 3974 Du..

750 4012 835 4067 14.
872 4004 972 4054 Per
1004 4021 1140 4073 quem
1176 4002 1427 4071 probatur.
1455 4002 1642 4055 Torno
1667 4040 1683 4065 ‚

658 4084 858 4155 inquit,
879 4082 1109 4135 materia
1124 4082 1333 4136 bonitas
1360 4080 1686 4153 firmitasque

1988 1249 2237 1320 ‚quam
2269 1224 2358 1293 ad
2391 1225 2608 1296 radios
2639 1251 2740 1295 ro-

1736 1454 2042 1525 agnoscitur
2063 1490 2082 1518 ‚
2129 1464 2184 1506 et
2237 1452 2434 1508 coloris
2477 1454 2635 1508 nitor.
2676 1455 2745 1509 Ita

1739 1533 1892 1587 MSS.
1915 1552 2120 1587 omnen.
2143 1534 2330 1589 Hum-

1829 1612 1918 1667 15.
1957 1614 2184 1667 Omnium
2218 1612 2321 1665 hoec
2345 1614 2471 1666 sola.
2509 1614 2744 1667 Terebin-

1739 1692 1867 1746 thua
1891 1693 2004 1746 sola
2022 1692 2250 1764 perungi
2272 1694 2580 1765 priusquam
2595 1706 2747 1747 torne-

1741 1786 1858 1836 tur,
1881 1774 2114 1843 postulat
2136 1790 2150 1825 τ
2175 1772 2250 1826 sic
2277 1773 2426 1826 enim
2461 1773 2662 1838 melior,
2677 1773 2746 1825 ni·

1742 1853 1994 1925 griorque
2017 1852 2268 1905 efficitur.
2287 1853 2514 1924 Juglans
2531 1866 2584 1907 et
2605 1854 2750 1924 piru,

1743 1934 1784 1985 si
1800 1930 2166 2003 decoquantur
2183 1932 2240 1985 in
2255 1933 2436 1986 colore
2453 1933 2607 2005 nigro
2619 1972 2635 1997 ,
2657 1952 2748 2005 quo

1745 2013 2064 2083 tinguntur,
2113 2012 2346 2065 referent
2383 2013 2670 2066 terebinthi
2691 2013 2752 2067 ai·

1745 2090 2130 2145 militudinem.
2148 2092 2332 2146 niun.

1836 2189 1859 2224 1
1871 2175 1927 2225 6.
1943 2172 2077 2241 Ungi
2091 2171 2219 2225 vult.
2237 2171 2470 2244 Syriaca
2492 2171 2753 2227 terebinthi

1749 2249 2004 2304 medulla.
2024 2251 2305 2322 Theophr.
2319 2252 2459 2306 Du..

1838 2348 1930 2401 17.
1956 2331 2042 2384 Ab
2063 2332 2138 2383 his
2157 2334 2400 2401 proxima.
2424 2332 2759 2404 Theophrast.

1752 2411 1888 2464 Hist.
1922 2411 2018 2465 lib.
2034 2412 2105 2470 V,
2130 2429 2246 2482 cap.
2276 2414 2344 2466 8:
2367 2404 2688 2485 Ῐσχυρότατον
2709 2408 2759 2466 δὲ

1751 2490 1835 2545 καὶ
1859 2491 1892 2547 ἡ
1926 2491 2120 2562 κρανία..
2148 2490 2332 2545 Rutu.

1840 2571 1929 2623 18.
1985 2572 2276 2642 Quanquam
2309 2590 2407 2623 non
2440 2584 2607 2642 potest
2627 2571 2764 2624 ὐἱᾰαὶ

1753 2651 1973 2703 materies
1985 2662 2189 2722 propter
2201 2650 2486 2716 exilitatem,
2501 2654 2590 2705 sed
2599 2652 2762 2721 ligna-

1755 2750 1850 2782 non
1876 2731 1976 2782 alio
1993 2750 2136 2801 poene
2151 2771 2168 2794 ,
2207 2750 2372 2803 quam,
2411 2744 2515 2786 etc.
2545 2732 2678 2785 Hinc
2693 2748 2766 2784 ae·

1755 2810 1914 2883 quior
1938 2810 2168 2863 latinitas
2214 2816 2458 2863 materiem
2491 2832 2592 2908 pro
2637 2812 2767 2865 trabe

1756 2891 2054 2962 usurpavit.
2081 2888 2152 2943 Et
2178 2894 2392 2944 materioe
2421 2897 2768 2965 quiuquagena·

1758 2974 1873 3035 rice,
1899 2988 1999 3041 pro
2023 2970 2265 3023 trabibus
2286 2971 2676 3047 quinquaginta
2695 2988 2768 3043 pe-

1758 3046 1852 3103 dea
1879 3048 2065 3120 longis.
2091 3047 2343 3104 Notanda
2361 3062 2416 3103 et
2446 3052 2540 3105 illa
2568 3052 2768 3115 locutio,

1759 3148 1856 3182 non
1884 3128 1986 3182 alio
2003 3148 2164 3200 pane,
2185 3128 2246 3183 id
2263 3142 2373 3196 est,
2391 3150 2504 3183 non
2525 3132 2628 3185 alio
2643 3130 2772 3195 utile,

1761 3228 1862 3281 pro
1909 3227 2020 3261 non
2067 3207 2140 3262 ad
2184 3210 2340 3263 aliam
2372 3229 2488 3265 rem
2517 3212 2668 3265 utile.
2696 3210 2770 3263 Sic

1763 3308 1887 3362 quo,
1912 3306 2016 3360 pro
2042 3287 2109 3341 ad
2139 3307 2300 3361 quam
2331 3308 2467 3343 rem.
2497 3291 2670 3345 Sum.

1854 3384 1877 3419 1
1890 3387 1942 3437 9.
1967 3368 2086 3423 Non
2102 3368 2203 3421 alio
2213 3388 2370 3440 poene.
2385 3368 2490 3423 Sed
2510 3383 2569 3425 et
2590 3368 2772 3425 hastilia

1767 3464 1835 3499 ex
1847 3465 2017 3500 corno
2037 3448 2226 3501 arbore
2245 3450 2380 3502 facta
2399 3450 2586 3505 Festus
2607 3452 2771 3512 refert,

1769 3545 1888 3600 qua
1903 3526 2129 3581 colurna
2141 3546 2205 3581 ex
2221 3546 2288 3581 eo
2299 3527 2630 3585 dicerentur.
2644 3529 2774 3585 610·-

1767 3625 1837 3661 ⁸ae
1857 3626 1870 3659 =
1891 3609 2085 3677 Kpavia
2109 3604 2334 3678 δένδρον.
2366 3609 2772 3676 Columna-,oar-

1769 3688 2085 3758 nas.Virgil.
2118 3688 2315 3759 Georg.
2341 3688 2438 3742 lib.
2463 3690 2552 3755 11,
2575 3710 2628 3743 v.
2647 3690 2767 3758 396:

1777 3792 1799 3813 ι
1823 3766 2152 3840 pinguiaque
2189 3768 2245 3820 in
2293 3768 2524 3821 verubus
2567 3767 2776 3825 torrebi-

1771 3864 1890 3899 mua
1899 3858 2022 3899 exta
2042 3846 2298 3901 colurnis.
2317 3874 2339 3895 ι
2363 3848 2498 3914 Quae
2525 3868 2590 3902 ex
2610 3848 2773 3919 corylo

1771 3926 1963 3979 arbore
1983 3966 1998 3991 ,
2020 3946 2299 3997 perperam
2313 3966 2330 3991 ,
2350 3941 2413 3981 ut
2437 3947 2649 3995 remur,
2670 3928 2774 3981 Ser·

1772 4004 1889 4057 vius
1905 4044 1922 4071 ,
1945 4006 2143 4077 aliique
2158 4044 2176 4071 ,
2215 4007 2310 4078 qui
2347 4018 2472 4061 aunt
2505 4006 2773 4063 subsecuti.

1775 4084 1908 4139 facta
1937 4086 2372 4156 interpretantur.
2401 4088 2557 4141 Maro
2585 4082 2770 4143 AEneid.
