2984 5009
553 502 666 597 viij
995 502 1672 574 PRAEMONITIO
1737 504 2255 574 EDITORIS.

550 625 772 705 gendus
805 626 916 685 suit
941 627 1026 687 cl.
1052 626 1457 705 Sprengelius,
1482 647 1657 705 quem
1688 626 1900 686 nostris
1930 626 2328 706 temporibus,
2354 641 2413 688 et
2435 648 2708 691 eonsum-

554 736 704 783 mata
754 725 1115 801 scriptorum
1152 725 1528 802 antiquorum
1565 724 1802 795 notitia,
1848 736 1907 783 et
1940 723 2231 785 indefesso
2261 724 2563 785 botanices
2594 747 2706 785 aii-

551 820 756 898 gendae
784 808 1010 894 studio,
1050 841 1174 900 prae
1200 822 1421 881 caeteris
1459 820 1535 879 de
1562 820 1673 879 hac
1701 812 1888 879 nobili
1914 819 2159 880 scientia
2187 822 2407 901 optime
2436 823 2708 883 meritum

553 938 725 976 nemo
756 937 877 976 non
901 917 1197 977 fatebitur.
1225 920 1539 997 Plerasque
1564 917 1860 977 eruditiss.
1882 918 1996 977 viri
2016 931 2217 992 notas,
2240 939 2315 979 ex
2335 924 2595 980 Historia
2628 924 2713 978 rei

551 1017 839 1072 herbaria·
861 1014 1196 1095 decerptas,
1223 1015 1837 1093 luculentissimosque
1861 1014 2118 1093 ejusdem
2139 1020 2432 1077 Excursus
2454 1038 2528 1077 ex
2550 1020 2710 1075 Anti-

550 1112 850 1190 quitatum
870 1115 1285 1171 Botam‘carum
1314 1116 1671 1191 Spa-imbue,
1704 1114 1766 1171 in
1793 1133 1964 1172 usum
1998 1127 2266 1173 nostrum
2294 1116 2707 1174 convertimus.

550 1213 675 1268 Nec
708 1208 1019 1267 mediocris
1045 1208 1366 1289 adjumenti
1404 1209 1570 1268 fuere
1603 1208 1689 1269 Cl.
1718 1208 1971 1268 Gerardi
2007 1210 2100 1287 (la
2138 1214 2307 1267 Flore
2343 1212 2420 1268 de
2457 1214 2519 1268 la
2554 1216 2710 1271 Pro-

550 1307 751 1384 venee)
783 1304 1230 1366 observationes
1262 1306 1326 1365 in
1355 1306 1614 1366 Plinium
1638 1294 1923 1365 hactenus
1949 1305 2215 1379 ineditae,
2248 1326 2499 1387 quarum
2538 1307 2711 1367 nobis

550 1402 873 1463 liberaliter
916 1404 1147 1483 copiam
1196 1403 1335 1463 fecit
1380 1403 1684 1464 Get-ardus
1732 1402 1884 1462 filius
1905 1446 1923 1476 ,
1977 1403 2311 1463 doctissimo
2366 1416 2535 1484 patre
2588 1424 2707 1462 non

549 1501 858 1582 indignus,
899 1502 1002 1580 qui
1029 1492 1358 1560 ‘nonnullas
1399 1501 1632 1581 ipsein
1681 1500 1933 1559 Plinium
1971 1499 2198 1579 aliquot
2236 1500 2379 1559 locis
2418 1500 2710 1559 illustran-

548 1600 692 1659 dum
739 1598 1036 1679 symbolas
1081 1600 1344 1658 contulit.
1392 1603 1513 1659 Nec
1562 1600 1687 1658 sine
1730 1598 1965 1679 piaculo
2014 1597 2321 1657 tacendum
2370 1597 2547 1657 fuerit
2584 1618 2711 1657 ma—

548 1696 704 1767 xime
744 1695 1070 1755 verendum
1112 1694 1273 1774 apud
1315 1695 1474 1754 viros
1521 1694 1610 1753 rei
1652 1692 1944 1753 herbariae
1978 1694 2197 1772 peritos
2239 1693 2611 1752 illustrissimi
2651 1706 2713 1751 et

549 1792 881 1851 amicissimi
925 1794 990 1850 L.
1025 1794 1495 1851 Diaron-unas
1512 1810 1757 1864 nomen,
1794 1789 1930 1868 qui,
1959 1788 2157 1868 quoad
2188 1808 2297 1868 per
2315 1788 2709 1848 valetudinem

550 1872 1042 1967 licuit,'nostru1q
1063 1908 1214 1968 opus
1239 1887 1499 1948 revisere
1529 1886 1803 1967 dignatus
1831 1900 1948 1957 est,
1997 1886 2267 1966 notisque
2300 1886 2516 1945 criticis
2542 1888 2710 1946 locu-

549 1986 803 2066 pletare,
829 2005 973 2064 quas
996 2004 1224 2044 summo
1245 1986 1375 2043 viro
1404 1997 1672 2065 acceptas
1702 1985 1923 2045 referre
1950 1998 2118 2063 grato
2148 2002 2217 2042 ac
2245 1984 2493 2042 memori
2514 1984 2708 2042 animo

549 2082 888 2163 gaudemus.
929 2084 1006 2141 Iis
1043 2083 1228 2163 copiis
1255 2082 1559 2157 instructi,
1593 2082 1809 2143 talibus
1848 2082 1979 2141 freti
2019 2080 2279 2151 auxiliis,
2315 2082 2571 2159 incoepto
2617 2081 2709 2138 in-

549 2171 862 2240 cubuimus
908 2180 1107 2259 operi,
1156 2179 1316 2259 quod
1374 2193 1440 2239 ut
1487 2179 1662 2240 nobis
1715 2178 1997 2251 arduum,
2053 2177 2136 2253 sie
2191 2177 2510 2237 lectoribus
2566 2176 2710 2235 utile

549 2278 739 2337 visum
773 2278 876 2351 iri,
915 2298 1215 2357 speramus
1254 2298 1390 2337 vere
1427 2276 1614 2355 magis
1649 2294 1823 2354 quam
1858 2273 2228 2341 confidimus.

2112 2374 2185 2431 N.
2220 2374 2284 2431 E.
2318 2376 2382 2431 L.
