<?xml version="1.0" encoding="UTF-8"?>
<!DOCTYPE html PUBLIC "-//W3C//DTD XHTML 1.0 Transitional//EN"
    "http://www.w3.org/TR/xhtml1/DTD/xhtml1-transitional.dtd">
<html xmlns="http://www.w3.org/1999/xhtml" xml:lang="en" lang="en">
 <head>
  <title>
</title>
<meta http-equiv="Content-Type" content="text/html;charset=utf-8" />
  <meta name='ocr-system' content='tesseract 3.04.00' />
  <meta name='ocr-capabilities' content='ocr_page ocr_carea ocr_par ocr_line ocrx_word'/>
</head>
<body>
  <div class='ocr_page' id='page_1' title='image "./caiipliniisecun07plingoog_0399.png"; bbox 0 0 2984 5009; ppageno 0'>
   <div class='ocr_carea' id='block_1_1' title="bbox 713 413 2300 545">
    <p class='ocr_par' dir='ltr' id='par_1_1' title="bbox 713 413 2300 545">
     <span class='ocr_line' id='line_1_1' title="bbox 713 413 2300 545; baseline -0.008 0"><span class='ocrx_word' id='word_1_1' title='bbox 713 475 859 545; x_wconf 75' lang='lat'><strong>382</strong></span> <span class='ocrx_word' id='word_1_2' title='bbox 1224 474 1305 540; x_wconf 88' lang='lat' dir='ltr'><strong>c.</strong></span> <span class='ocrx_word' id='word_1_3' title='bbox 1365 471 1710 540; x_wconf 81' lang='lat' dir='ltr'>PLINII</span> <span class='ocrx_word' id='word_1_4' title='bbox 1763 413 1996 537; x_wconf 56' lang='lat' dir='ltr'><strong>NATJ</strong></span> <span class='ocrx_word' id='word_1_5' title='bbox 2041 468 2300 538; x_wconf 85' lang='lat' dir='ltr'><strong>HIST.</strong></span> 
     </span>
    </p>
   </div>
   <div class='ocr_carea' id='block_1_2' title="bbox 704 590 2828 2077">
    <p class='ocr_par' dir='ltr' id='par_1_2' title="bbox 704 590 2827 1445">
     <span class='ocr_line' id='line_1_2' title="bbox 704 590 2824 702; baseline -0.003 -27"><span class='ocrx_word' id='word_1_6' title='bbox 704 609 845 702; x_wconf 86' lang='lat' dir='ltr'><strong>jam</strong></span> <span class='ocrx_word' id='word_1_7' title='bbox 898 605 1075 674; x_wconf 84' lang='lat' dir='ltr'><strong>dicta</strong></span> <span class='ocrx_word' id='word_1_8' title='bbox 1121 627 1380 698; x_wconf 83' lang='lat' dir='ltr'><strong>genera.</strong></span> <span class='ocrx_word' id='word_1_9' title='bbox 1434 603 1608 672; x_wconf 87' lang='lat' dir='ltr'><strong>Sunt</strong></span> <span class='ocrx_word' id='word_1_10' title='bbox 1655 616 1725 671; x_wconf 91' lang='lat' dir='ltr'><strong>et</strong></span> <span class='ocrx_word' id='word_1_11' title='bbox 1771 597 2176 696; x_wconf 53' lang='lat' dir='ltr'><strong>predulcem,</strong></span> <span class='ocrx_word' id='word_1_12' title='bbox 2229 621 2352 694; x_wconf 87' lang='lat' dir='ltr'><strong>per</strong></span> <span class='ocrx_word' id='word_1_13' title='bbox 2399 621 2473 668; x_wconf 86' lang='lat' dir='ltr'><strong>se</strong></span> <span class='ocrx_word' id='word_1_14' title='bbox 2493 590 2549 636; x_wconf 80' lang='lat'><strong>²⁴</strong></span> <span class='ocrx_word' id='word_1_15' title='bbox 2583 611 2824 670; x_wconf 72' lang='lat' dir='ltr'><strong>tantum</strong></span> 
     </span>
     <span class='ocr_line' id='line_1_3' title="bbox 714 705 2826 804; baseline -0.003 -21"><span class='ocrx_word' id='word_1_16' title='bbox 714 715 996 798; x_wconf 71' lang='lat' dir='ltr'><strong>siccatae,</strong></span> <span class='ocrx_word' id='word_1_17' title='bbox 1024 711 1299 804; x_wconf 80' lang='lat' dir='ltr'><strong>uvisque</strong></span> <span class='ocrx_word' id='word_1_18' title='bbox 1318 711 1526 803; x_wconf 88' lang='lat' dir='ltr'><strong>passis</strong></span> <span class='ocrx_word' id='word_1_19' title='bbox 1545 707 1876 778; x_wconf 83' lang='lat' dir='ltr'><strong>dulciores</strong></span> <span class='ocrx_word' id='word_1_20' title='bbox 1889 705 2292 796; x_wconf 72' lang='lat' dir='ltr'><strong>‚admodum</strong></span> <span class='ocrx_word' id='word_1_21' title='bbox 2311 729 2480 775; x_wconf 75' lang='lat' dir='ltr'><strong>rarae</strong></span> <span class='ocrx_word' id='word_1_22' title='bbox 2501 705 2576 776; x_wconf 84' lang='lat' dir='ltr'><strong>in</strong></span> <span class='ocrx_word' id='word_1_23' title='bbox 2597 706 2826 788; x_wconf 69' lang='lat' dir='ltr'><strong>Africa,</strong></span> 
     </span>
     <span class='ocr_line' id='line_1_4' title="bbox 715 810 2827 943; baseline -0.003 -54"><span class='ocrx_word' id='word_1_24' title='bbox 715 833 782 889; x_wconf 84' lang='lat' dir='ltr'><strong>et</strong></span> <span class='ocrx_word' id='word_1_25' title='bbox 808 821 984 889; x_wconf 84' lang='lat' dir='ltr'><strong>circa</strong></span> <span class='ocrx_word' id='word_1_26' title='bbox 1001 818 1361 885; x_wconf 82' lang='lat' dir='ltr'><strong>Emeritam</strong></span> <span class='ocrx_word' id='word_1_27' title='bbox 1378 816 1754 885; x_wconf 62' lang='lat' dir='ltr'><strong>Lusitaniae.</strong></span> <span class='ocrx_word' id='word_1_28' title='bbox 1782 813 2074 883; x_wconf 89' lang='lat' dir='ltr'><strong>Oleum</strong></span> <span class='ocrx_word' id='word_1_29' title='bbox 2045 837 2274 943; x_wconf 76' lang='lat' dir='ltr'><strong>ipsum</strong></span> <span class='ocrx_word' id='word_1_30' title='bbox 2303 810 2438 882; x_wconf 80' lang='lat' dir='ltr'><strong>sale</strong></span> <span class='ocrx_word' id='word_1_31' title='bbox 2467 813 2827 882; x_wconf 73' lang='lat' dir='ltr'><strong>vindicatur</strong></span> 
     </span>
     <span class='ocr_line' id='line_1_5' title="bbox 715 904 2824 1020; baseline -0.004 -25"><span class='ocrx_word' id='word_1_32' title='bbox 715 949 755 995; x_wconf 82' lang='lat' dir='ltr'><strong>a</strong></span> <span class='ocrx_word' id='word_1_33' title='bbox 796 926 907 1020; x_wconf 88' lang='lat' dir='ltr'><strong>pin</strong></span> <span class='ocrx_word' id='word_1_34' title='bbox 1003 922 1273 992; x_wconf 90' lang='lat' dir='ltr'><strong>itudinis</strong></span> <span class='ocrx_word' id='word_1_35' title='bbox 1318 923 1499 990; x_wconf 89' lang='lat' dir='ltr'><strong>vitio.</strong></span> <span class='ocrx_word' id='word_1_36' title='bbox 1539 922 1806 992; x_wconf 82' lang='lat' dir='ltr'>Cortice</span> <span class='ocrx_word' id='word_1_37' title='bbox 1840 904 2070 990; x_wconf 76' lang='lat' dir='ltr'><strong>oleae²⁵</strong></span> <span class='ocrx_word' id='word_1_38' title='bbox 2111 919 2378 988; x_wconf 85' lang='lat' dir='ltr'><strong>conciso</strong></span> <span class='ocrx_word' id='word_1_39' title='bbox 2413 917 2690 989; x_wconf 84' lang='lat' dir='ltr'><strong>odorem</strong></span> <span class='ocrx_word' id='word_1_40' title='bbox 2729 941 2824 987; x_wconf 85' lang='lat' dir='ltr'><strong>ac·</strong></span> 
     </span>
     <span class='ocr_line' id='line_1_6' title="bbox 713 1023 2826 1126; baseline -0.003 -25"><span class='ocrx_word' id='word_1_41' title='bbox 713 1029 911 1126; x_wconf 83' lang='lat' dir='ltr'><strong>cipit²</strong></span> <span class='ocrx_word' id='word_1_42' title='bbox 962 1029 1314 1099; x_wconf 83' lang='lat' dir='ltr'><strong>medicati.</strong></span> <span class='ocrx_word' id='word_1_43' title='bbox 1342 1028 1534 1114; x_wconf 83' lang='lat' dir='ltr'><strong>alias,</strong></span> <span class='ocrx_word' id='word_1_44' title='bbox 1568 1045 1643 1096; x_wconf 90' lang='lat' dir='ltr'><strong>ut</strong></span> <span class='ocrx_word' id='word_1_45' title='bbox 1668 1029 1846 1111; x_wconf 77' lang='lat' dir='ltr'><strong>vino,</strong></span> <span class='ocrx_word' id='word_1_46' title='bbox 1867 1025 2070 1122; x_wconf 84' lang='lat' dir='ltr'><strong>palati</strong></span> <span class='ocrx_word' id='word_1_47' title='bbox 2093 1026 2308 1120; x_wconf 82' lang='lat' dir='ltr'><strong>gratia</strong></span> <span class='ocrx_word' id='word_1_48' title='bbox 2335 1023 2522 1094; x_wconf 80' lang='lat' dir='ltr'><strong>nulla</strong></span> <span class='ocrx_word' id='word_1_49' title='bbox 2551 1039 2672 1096; x_wconf 81' lang='lat' dir='ltr'><strong>est.</strong></span> <span class='ocrx_word' id='word_1_50' title='bbox 2699 1027 2826 1094; x_wconf 85' lang='lat' dir='ltr'><strong>Nec</strong></span> 
     </span>
     <span class='ocr_line' id='line_1_7' title="bbox 710 1117 2826 1226; baseline -0.005 -18"><span class='ocrx_word' id='word_1_51' title='bbox 710 1153 847 1208; x_wconf 88' lang='lat' dir='ltr'><strong>tam</strong></span> <span class='ocrx_word' id='word_1_52' title='bbox 886 1159 1239 1206; x_wconf 83' lang='lat' dir='ltr'><strong>numerosa</strong></span> <span class='ocrx_word' id='word_1_53' title='bbox 1258 1133 1305 1174; x_wconf 87' lang='lat'><strong>²⁷</strong></span> <span class='ocrx_word' id='word_1_54' title='bbox 1349 1133 1770 1204; x_wconf 77' lang='lat' dir='ltr'><strong>differentia.</strong></span> <span class='ocrx_word' id='word_1_55' title='bbox 1815 1133 2028 1202; x_wconf 83' lang='lat' dir='ltr'><strong>tribus</strong></span> <span class='ocrx_word' id='word_1_56' title='bbox 2059 1145 2137 1200; x_wconf 86' lang='lat' dir='ltr'><strong>ut</strong></span> <span class='ocrx_word' id='word_1_57' title='bbox 2176 1117 2612 1226; x_wconf 81' lang='lat' dir='ltr'><strong>plurimum²⁸</strong></span> <span class='ocrx_word' id='word_1_58' title='bbox 2651 1130 2826 1200; x_wconf 86' lang='lat' dir='ltr'><strong>boni</strong></span> 
     </span>
     <span class='ocr_line' id='line_1_8' title="bbox 712 1235 2825 1334; baseline -0.003 -20"><span class='ocrx_word' id='word_1_59' title='bbox 712 1244 957 1314; x_wconf 79' lang='lat' dir='ltr'><strong>tatibus</strong></span> <span class='ocrx_word' id='word_1_60' title='bbox 984 1243 1201 1312; x_wconf 89' lang='lat' dir='ltr'><strong>distat.</strong></span> <span class='ocrx_word' id='word_1_61' title='bbox 1233 1239 1423 1310; x_wconf 87' lang='lat' dir='ltr'>Odor</span> <span class='ocrx_word' id='word_1_62' title='bbox 1462 1243 1531 1309; x_wconf 90' lang='lat' dir='ltr'><strong>in</strong></span> <span class='ocrx_word' id='word_1_63' title='bbox 1567 1241 1752 1308; x_wconf 89' lang='lat' dir='ltr'><strong>tenui</strong></span> <span class='ocrx_word' id='word_1_64' title='bbox 1781 1240 2078 1334; x_wconf 80' lang='lat' dir='ltr'><strong>argutior</strong></span> <span class='ocrx_word' id='word_1_65' title='bbox 2102 1235 2175 1321; x_wconf 88' lang='grc'><strong>’9,</strong></span> <span class='ocrx_word' id='word_1_66' title='bbox 2215 1251 2284 1306; x_wconf 89' lang='lat' dir='ltr'><strong>et</strong></span> <span class='ocrx_word' id='word_1_67' title='bbox 2311 1239 2365 1308; x_wconf 83' lang='lat' dir='ltr'><strong>is</strong></span> <span class='ocrx_word' id='word_1_68' title='bbox 2391 1249 2622 1307; x_wconf 81' lang='lat' dir='ltr'><strong>tamen</strong></span> <span class='ocrx_word' id='word_1_69' title='bbox 2645 1239 2825 1308; x_wconf 78' lang='lat' dir='ltr'><strong>etiam</strong></span> 
     </span>
     <span class='ocr_line' id='line_1_9' title="bbox 712 1331 1540 1445; baseline -0.01 -25"><span class='ocrx_word' id='word_1_70' title='bbox 712 1353 779 1420; x_wconf 91' lang='lat' dir='ltr'><strong>in</strong></span> <span class='ocrx_word' id='word_1_71' title='bbox 825 1331 1081 1445; x_wconf 79' lang='lat' dir='ltr'><strong>optimo</strong></span> <span class='ocrx_word' id='word_1_72' title='bbox 1123 1347 1343 1416; x_wconf 80' lang='lat' dir='ltr'><strong>brevis</strong></span> <span class='ocrx_word' id='word_1_73' title='bbox 1358 1332 1429 1413; x_wconf 82' lang='lat'><strong>³⁰.</strong></span> <span class='ocrx_word' id='word_1_74' title='bbox 1527 1359 1540 1376; x_wconf 89' lang='lat'>·</span> 
     </span>
    </p>

    <p class='ocr_par' dir='ltr' id='par_1_3' title="bbox 709 1442 2828 2077">
     <span class='ocr_line' id='line_1_10' title="bbox 819 1442 2828 1547; baseline -0.004 -21.48"><span class='ocrx_word' id='word_1_75' title='bbox 819 1442 1126 1547; x_wconf 86' lang='lat' dir='ltr'><strong>V..(1v)</strong></span> <span class='ocrx_word' id='word_1_76' title='bbox 1168 1452 1339 1522; x_wconf 91' lang='lat' dir='ltr'><strong>Oleo</strong></span> <span class='ocrx_word' id='word_1_77' title='bbox 1380 1451 1659 1521; x_wconf 86' lang='lat' dir='ltr'><strong>natura¹</strong></span> <span class='ocrx_word' id='word_1_78' title='bbox 1712 1449 2084 1545; x_wconf 77' lang='lat' dir='ltr'><strong>tepefacere</strong></span> <span class='ocrx_word' id='word_1_79' title='bbox 2138 1475 2426 1546; x_wconf 88' lang='lat' dir='ltr'><strong>corpus,</strong></span> <span class='ocrx_word' id='word_1_80' title='bbox 2480 1464 2552 1519; x_wconf 89' lang='lat' dir='ltr'><strong>et</strong></span> <span class='ocrx_word' id='word_1_81' title='bbox 2613 1464 2828 1520; x_wconf 71' lang='lat' dir='ltr'><strong>contra</strong></span> 
     </span>
     <span class='ocr_line' id='line_1_11' title="bbox 709 1555 2824 1657; baseline -0.004 -25"><span class='ocrx_word' id='word_1_82' title='bbox 709 1563 971 1657; x_wconf 82' lang='lat' dir='ltr'><strong>algores</strong></span> <span class='ocrx_word' id='word_1_83' title='bbox 1035 1561 1343 1629; x_wconf 89' lang='lat' dir='ltr'><strong>munire.</strong></span> <span class='ocrx_word' id='word_1_84' title='bbox 1382 1558 1731 1652; x_wconf 85' lang='lat' dir='ltr'><strong>eidemque</strong></span> <span class='ocrx_word' id='word_1_85' title='bbox 1782 1556 2076 1626; x_wconf 87' lang='lat' dir='ltr'><strong>fervores</strong></span> <span class='ocrx_word' id='word_1_86' title='bbox 2138 1557 2369 1653; x_wconf 84' lang='lat' dir='ltr'><strong>capitis</strong></span> <span class='ocrx_word' id='word_1_87' title='bbox 2423 1555 2824 1651; x_wconf 84' lang='lat' dir='ltr'><strong>refrigerare.</strong></span> 
     </span>
     <span class='ocr_line' id='line_1_12' title="bbox 709 1662 2824 1762; baseline -0.003 -23"><span class='ocrx_word' id='word_1_88' title='bbox 709 1671 927 1738; x_wconf 86' lang='lat' dir='ltr'>Usum</span> <span class='ocrx_word' id='word_1_89' title='bbox 960 1667 1103 1762; x_wconf 86' lang='lat' dir='ltr'><strong>ejus</strong></span> <span class='ocrx_word' id='word_1_90' title='bbox 1143 1665 1229 1734; x_wconf 85' lang='lat' dir='ltr'><strong>ad</strong></span> <span class='ocrx_word' id='word_1_91' title='bbox 1254 1662 1580 1734; x_wconf 81' lang='lat' dir='ltr'><strong>luxuriam</strong></span> <span class='ocrx_word' id='word_1_92' title='bbox 1623 1678 1883 1732; x_wconf 83' lang='lat' dir='ltr'><strong>vertere</strong></span> <span class='ocrx_word' id='word_1_93' title='bbox 1925 1665 2178 1750; x_wconf 63' lang='lat' dir='ltr'><strong>Graeci,</strong></span> <span class='ocrx_word' id='word_1_94' title='bbox 2204 1665 2518 1734; x_wconf 85' lang='lat' dir='ltr'><strong>vitiorum</strong></span> <span class='ocrx_word' id='word_1_95' title='bbox 2543 1665 2824 1734; x_wconf 86' lang='lat' dir='ltr'><strong>omnium</strong></span> 
     </span>
     <span class='ocr_line' id='line_1_13' title="bbox 710 1769 2828 1900; baseline -0.003 -56"><span class='ocrx_word' id='word_1_96' title='bbox 710 1776 1068 1870; x_wconf 85' lang='lat' dir='ltr'><strong>genitores,</strong></span> <span class='ocrx_word' id='word_1_97' title='bbox 1095 1775 1167 1840; x_wconf 92' lang='lat' dir='ltr'><strong>in</strong></span> <span class='ocrx_word' id='word_1_98' title='bbox 1208 1771 1560 1867; x_wconf 80' lang='lat' dir='ltr'>gymnasiis</span> <span class='ocrx_word' id='word_1_99' title='bbox 1589 1769 2009 1900; x_wconf 83' lang='lat' dir='ltr'><strong>publicando.</strong></span> <span class='ocrx_word' id='word_1_100' title='bbox 2051 1773 2298 1838; x_wconf 86' lang='lat' dir='ltr'><strong>Notum</strong></span> <span class='ocrx_word' id='word_1_101' title='bbox 2329 1784 2466 1857; x_wconf 85' lang='lat' dir='ltr'><strong>est,</strong></span> <span class='ocrx_word' id='word_1_102' title='bbox 2511 1770 2828 1863; x_wconf 77' lang='lat' dir='ltr'><strong>magistra·</strong></span> 
     </span>
     <span class='ocr_line' id='line_1_14' title="bbox 708 1861 2824 1972; baseline -0.004 -21.974"><span class='ocrx_word' id='word_1_103' title='bbox 708 1879 853 1951; x_wconf 86' lang='lat' dir='ltr'><strong>tus²</strong></span> <span class='ocrx_word' id='word_1_104' title='bbox 918 1879 1195 1951; x_wconf 87' lang='lat' dir='ltr'><strong>honoris</strong></span> <span class='ocrx_word' id='word_1_105' title='bbox 1245 1878 1423 1971; x_wconf 87' lang='lat' dir='ltr'><strong>ejus,</strong></span> <span class='ocrx_word' id='word_1_106' title='bbox 1476 1861 1848 1970; x_wconf 75' lang='lat' dir='ltr'><strong>octogenis³</strong></span> <span class='ocrx_word' id='word_1_107' title='bbox 1903 1877 2218 1946; x_wconf 86' lang='lat' dir='ltr'><strong>sestertiis</strong></span> <span class='ocrx_word' id='word_1_108' title='bbox 2265 1877 2656 1972; x_wconf 82' lang='lat' dir='ltr'><strong>strigmenta</strong></span> <span class='ocrx_word' id='word_1_109' title='bbox 2716 1873 2824 1944; x_wconf 87' lang='lat' dir='ltr'><strong>olei</strong></span> 
     </span>
     <span class='ocr_line' id='line_1_15' title="bbox 711 1981 2824 2077; baseline -0.002 -23"><span class='ocrx_word' id='word_1_110' title='bbox 711 1987 1104 2056; x_wconf 85' lang='lat' dir='ltr'><strong>vendidisse.</strong></span> <span class='ocrx_word' id='word_1_111' title='bbox 1198 1983 1382 2054; x_wconf 80' lang='lat' dir='ltr'><strong>Oleae</strong></span> <span class='ocrx_word' id='word_1_112' title='bbox 1430 1984 1756 2052; x_wconf 89' lang='lat' dir='ltr'><strong>honorem</strong></span> <span class='ocrx_word' id='word_1_113' title='bbox 1817 2007 2090 2052; x_wconf 84' lang='lat' dir='ltr'><strong>romana</strong></span> <span class='ocrx_word' id='word_1_114' title='bbox 2161 1981 2472 2076; x_wconf 81' lang='lat' dir='ltr'><strong>majestas</strong></span> <span class='ocrx_word' id='word_1_115' title='bbox 2527 2007 2824 2077; x_wconf 81' lang='lat' dir='ltr'><strong>magnum</strong></span> 
     </span>
    </p>
   </div>
   <div class='ocr_carea' id='block_1_3' title="bbox 698 2175 1734 4154">
    <p class='ocr_par' dir='ltr' id='par_1_4' title="bbox 707 2175 1734 2319">
     <span class='ocr_line' id='line_1_16' title="bbox 710 2175 1734 2252; baseline -0.006 -14"><span class='ocrx_word' id='word_1_116' title='bbox 710 2202 934 2238; x_wconf 76' lang='lat' dir='ltr'><strong>crassam</strong></span> <span class='ocrx_word' id='word_1_117' title='bbox 957 2175 1011 2236; x_wconf 77' lang='lat' dir='ltr'><strong>et</strong></span> <span class='ocrx_word' id='word_1_118' title='bbox 1030 2200 1330 2246; x_wconf 70' lang='lat' dir='ltr'><strong>carnosum,</strong></span> <span class='ocrx_word' id='word_1_119' title='bbox 1358 2181 1511 2234; x_wconf 85' lang='lat' dir='ltr'><strong>nucis</strong></span> <span class='ocrx_word' id='word_1_120' title='bbox 1533 2180 1734 2252; x_wconf 84' lang='lat' dir='ltr'><strong>magni-</strong></span> 
     </span>
     <span class='ocr_line' id='line_1_17' title="bbox 707 2259 1131 2319; baseline -0.009 0"><span class='ocrx_word' id='word_1_121' title='bbox 707 2259 915 2319; x_wconf 83' lang='lat' dir='ltr'><strong>tudine.</strong></span> <span class='ocrx_word' id='word_1_122' title='bbox 943 2263 1131 2317; x_wconf 68' lang='grc' dir='ltr'><strong>Ηιιιι).</strong></span> 
     </span>
    </p>

    <p class='ocr_par' dir='ltr' id='par_1_5' title="bbox 708 2339 1734 2486">
     <span class='ocr_line' id='line_1_18' title="bbox 790 2339 1734 2411; baseline -0.004 -15"><span class='ocrx_word' id='word_1_123' title='bbox 790 2348 878 2406; x_wconf 72' lang='lat'><strong>24.</strong></span> <span class='ocrx_word' id='word_1_124' title='bbox 896 2341 997 2394; x_wconf 77' lang='lat' dir='ltr'><strong>Per</strong></span> <span class='ocrx_word' id='word_1_125' title='bbox 1010 2363 1061 2394; x_wconf 79' lang='lat' dir='ltr'><strong>se</strong></span> <span class='ocrx_word' id='word_1_126' title='bbox 1082 2355 1284 2395; x_wconf 72' lang='lat' dir='ltr'><strong>tantum.</strong></span> <span class='ocrx_word' id='word_1_127' title='bbox 1310 2339 1435 2394; x_wconf 84' lang='lat' dir='ltr'><strong>Non</strong></span> <span class='ocrx_word' id='word_1_128' title='bbox 1460 2340 1615 2411; x_wconf 80' lang='lat' dir='ltr'><strong>igne,</strong></span> <span class='ocrx_word' id='word_1_129' title='bbox 1641 2351 1734 2394; x_wconf 76' lang='lat' dir='ltr'><strong>aut</strong></span> 
     </span>
     <span class='ocr_line' id='line_1_19' title="bbox 708 2421 1627 2486; baseline -0.005 -9"><span class='ocrx_word' id='word_1_130' title='bbox 708 2423 817 2477; x_wconf 82' lang='lat' dir='ltr'><strong>sole</strong></span> <span class='ocrx_word' id='word_1_131' title='bbox 844 2421 1073 2486; x_wconf 61' lang='lat' dir='ltr'><strong>siccata,</strong></span> <span class='ocrx_word' id='word_1_132' title='bbox 1114 2421 1207 2474; x_wconf 76' lang='lat' dir='ltr'><strong>sed</strong></span> <span class='ocrx_word' id='word_1_133' title='bbox 1228 2421 1339 2477; x_wconf 81' lang='lat' dir='ltr'><strong>sola</strong></span> <span class='ocrx_word' id='word_1_134' title='bbox 1366 2433 1532 2474; x_wconf 67' lang='lat' dir='ltr'><strong>atate.</strong></span> <span class='ocrx_word' id='word_1_135' title='bbox 1561 2421 1627 2473; x_wconf 84' lang='lat' dir='ltr'><strong>H.</strong></span> 
     </span>
    </p>

    <p class='ocr_par' dir='ltr' id='par_1_6' title="bbox 704 2499 1734 2872">
     <span class='ocr_line' id='line_1_20' title="bbox 793 2499 1732 2571; baseline -0.004 -17"><span class='ocrx_word' id='word_1_136' title='bbox 793 2501 885 2556; x_wconf 75' lang='lat'><strong>25.</strong></span> <span class='ocrx_word' id='word_1_137' title='bbox 940 2501 1129 2554; x_wconf 76' lang='lat' dir='ltr'><strong>Cortice</strong></span> <span class='ocrx_word' id='word_1_138' title='bbox 1168 2503 1284 2554; x_wconf 69' lang='lat' dir='ltr'><strong>oleoe</strong></span> <span class='ocrx_word' id='word_1_139' title='bbox 1317 2540 1333 2567; x_wconf 85' lang='lat'>,</span> <span class='ocrx_word' id='word_1_140' title='bbox 1400 2511 1500 2552; x_wconf 83' lang='lat' dir='ltr'><strong>etc.</strong></span> <span class='ocrx_word' id='word_1_141' title='bbox 1529 2499 1694 2571; x_wconf 76' lang='lat' dir='ltr'><strong>&#39;Lego</strong></span> <span class='ocrx_word' id='word_1_142' title='bbox 1715 2537 1732 2564; x_wconf 82' lang='lat'>‚</span> 
     </span>
     <span class='ocr_line' id='line_1_21' title="bbox 711 2578 1734 2636; baseline -0.001 -4"><span class='ocrx_word' id='word_1_143' title='bbox 711 2609 734 2632; x_wconf 73' lang='grc' dir='ltr'><strong>ι</strong></span> <span class='ocrx_word' id='word_1_144' title='bbox 760 2581 974 2636; x_wconf 89' lang='lat' dir='ltr'><strong>Cortice</strong></span> <span class='ocrx_word' id='word_1_145' title='bbox 990 2582 1107 2634; x_wconf 77' lang='lat' dir='ltr'><strong>olea</strong></span> <span class='ocrx_word' id='word_1_146' title='bbox 1130 2581 1342 2634; x_wconf 78' lang='lat' dir='ltr'><strong>conciso</strong></span> <span class='ocrx_word' id='word_1_147' title='bbox 1358 2578 1580 2633; x_wconf 85' lang='lat' dir='ltr'><strong>odorem</strong></span> <span class='ocrx_word' id='word_1_148' title='bbox 1599 2579 1734 2632; x_wconf 85' lang='lat' dir='ltr'><strong>acci·</strong></span> 
     </span>
     <span class='ocr_line' id='line_1_22' title="bbox 704 2659 1731 2733; baseline -0.005 -18"><span class='ocrx_word' id='word_1_149' title='bbox 704 2661 788 2733; x_wconf 84' lang='lat' dir='ltr'><strong>pit</strong></span> <span class='ocrx_word' id='word_1_150' title='bbox 806 2659 1164 2726; x_wconf 85' lang='lat' dir='ltr'><strong>medicatum,</strong></span> <span class='ocrx_word' id='word_1_151' title='bbox 1200 2660 1329 2713; x_wconf 83' lang='lat' dir='ltr'><strong>alias</strong></span> <span class='ocrx_word' id='word_1_152' title='bbox 1354 2659 1531 2730; x_wconf 84' lang='lat' dir='ltr'><strong>palato</strong></span> <span class='ocrx_word' id='word_1_153' title='bbox 1565 2659 1731 2729; x_wconf 81' lang='lat' dir='ltr'><strong>gratia</strong></span> 
     </span>
     <span class='ocr_line' id='line_1_23' title="bbox 705 2739 1732 2800; baseline -0.003 -7"><span class='ocrx_word' id='word_1_154' title='bbox 705 2741 853 2794; x_wconf 85' lang='lat' dir='ltr'><strong>nulla</strong></span> <span class='ocrx_word' id='word_1_155' title='bbox 885 2751 981 2792; x_wconf 78' lang='lat' dir='ltr'><strong>est.</strong></span> <span class='ocrx_word' id='word_1_156' title='bbox 1014 2739 1127 2792; x_wconf 87' lang='lat' dir='ltr'><strong>Nec</strong></span> <span class='ocrx_word' id='word_1_157' title='bbox 1170 2751 1277 2792; x_wconf 85' lang='lat' dir='ltr'><strong>tam</strong></span> <span class='ocrx_word' id='word_1_158' title='bbox 1318 2755 1634 2800; x_wconf 82' lang='lat' dir='ltr'><strong>numerosa,</strong></span> <span class='ocrx_word' id='word_1_159' title='bbox 1668 2739 1732 2790; x_wconf 72' lang='lat' dir='ltr'><strong>u‘t</strong></span> 
     </span>
     <span class='ocr_line' id='line_1_24' title="bbox 705 2815 1421 2882; baseline -0.004 -10"><span class='ocrx_word' id='word_1_160' title='bbox 705 2820 845 2882; x_wconf 83' lang='lat' dir='ltr'><strong>vini,</strong></span> <span class='ocrx_word' id='word_1_161' title='bbox 875 2815 1251 2872; x_wconf 75' lang='lat' dir='ltr'><strong>differentia.»</strong></span> <span class='ocrx_word' id='word_1_162' title='bbox 1286 2819 1421 2869; x_wconf 78' lang='lat' dir='ltr'><strong>Du..</strong></span> 
     </span>
    </p>

    <p class='ocr_par' dir='ltr' id='par_1_7' title="bbox 698 2887 1732 3606">
     <span class='ocr_line' id='line_1_25' title="bbox 790 2887 1732 2968; baseline -0.003 -15"><span class='ocrx_word' id='word_1_163' title='bbox 790 2903 880 2953; x_wconf 79' lang='lat'><strong>26.</strong></span> <span class='ocrx_word' id='word_1_164' title='bbox 933 2897 1147 2951; x_wconf 73' lang='lat' dir='ltr'><strong>Odorem</strong></span> <span class='ocrx_word' id='word_1_165' title='bbox 1198 2897 1389 2968; x_wconf 79' lang='lat' dir='ltr'><strong>accipit.</strong></span> <span class='ocrx_word' id='word_1_166' title='bbox 1442 2895 1504 2950; x_wconf 86' lang='lat' dir='ltr'><strong>Si</strong></span> <span class='ocrx_word' id='word_1_167' title='bbox 1551 2887 1732 2950; x_wconf 78' lang='lat' dir='ltr'><strong>cortex</strong></span> 
     </span>
     <span class='ocr_line' id='line_1_26' title="bbox 703 2972 1731 3047; baseline -0.004 -16"><span class='ocrx_word' id='word_1_168' title='bbox 703 2978 833 3032; x_wconf 72' lang='lat' dir='ltr'><strong>oleae</strong></span> <span class='ocrx_word' id='word_1_169' title='bbox 884 2975 1246 3043; x_wconf 73' lang='lat' dir='ltr'><strong>concidatur,</strong></span> <span class='ocrx_word' id='word_1_170' title='bbox 1298 2975 1477 3046; x_wconf 85' lang='lat' dir='ltr'><strong>inquit</strong></span> <span class='ocrx_word' id='word_1_171' title='bbox 1510 3014 1526 3040; x_wconf 88' lang='lat'>,</span> <span class='ocrx_word' id='word_1_172' title='bbox 1584 2972 1731 3047; x_wconf 86' lang='lat' dir='ltr'><strong>quod</strong></span> 
     </span>
     <span class='ocr_line' id='line_1_27' title="bbox 702 3055 1731 3128; baseline -0.002 -18"><span class='ocrx_word' id='word_1_173' title='bbox 702 3057 885 3110; x_wconf 88' lang='lat' dir='ltr'><strong>oleum</strong></span> <span class='ocrx_word' id='word_1_174' title='bbox 914 3075 978 3109; x_wconf 85' lang='lat' dir='ltr'><strong>ex</strong></span> <span class='ocrx_word' id='word_1_175' title='bbox 1000 3056 1155 3110; x_wconf 79' lang='lat' dir='ltr'><strong>olivis</strong></span> <span class='ocrx_word' id='word_1_176' title='bbox 1179 3056 1497 3128; x_wconf 83' lang='lat' dir='ltr'><strong>exprimitur</strong></span> <span class='ocrx_word' id='word_1_177' title='bbox 1514 3095 1529 3120; x_wconf 88' lang='lat'>,</span> <span class='ocrx_word' id='word_1_178' title='bbox 1566 3055 1731 3108; x_wconf 82' lang='lat' dir='ltr'><strong>refert</strong></span> 
     </span>
     <span class='ocr_line' id='line_1_28' title="bbox 701 3133 1730 3208; baseline -0.002 -18"><span class='ocrx_word' id='word_1_179' title='bbox 701 3139 962 3208; x_wconf 82' lang='lat' dir='ltr'><strong>unguenti</strong></span> <span class='ocrx_word' id='word_1_180' title='bbox 992 3135 1212 3190; x_wconf 85' lang='lat' dir='ltr'><strong>odorem</strong></span> <span class='ocrx_word' id='word_1_181' title='bbox 1264 3153 1277 3188; x_wconf 89' lang='lat'>:</span> <span class='ocrx_word' id='word_1_182' title='bbox 1332 3133 1459 3188; x_wconf 82' lang='lat' dir='ltr'><strong>alias</strong></span> <span class='ocrx_word' id='word_1_183' title='bbox 1492 3135 1730 3206; x_wconf 80' lang='lat' dir='ltr'><strong>palatum</strong></span> 
     </span>
     <span class='ocr_line' id='line_1_29' title="bbox 700 3213 1724 3284; baseline -0.002 -14"><span class='ocrx_word' id='word_1_184' title='bbox 700 3236 809 3270; x_wconf 91' lang='lat' dir='ltr'><strong>non</strong></span> <span class='ocrx_word' id='word_1_185' title='bbox 859 3215 971 3269; x_wconf 88' lang='lat' dir='ltr'><strong>ullo</strong></span> <span class='ocrx_word' id='word_1_186' title='bbox 1022 3215 1218 3269; x_wconf 81' lang='lat' dir='ltr'><strong>eximio</strong></span> <span class='ocrx_word' id='word_1_187' title='bbox 1277 3233 1463 3284; x_wconf 81' lang='lat' dir='ltr'><strong>sapore</strong></span> <span class='ocrx_word' id='word_1_188' title='bbox 1503 3213 1691 3268; x_wconf 81' lang='lat' dir='ltr'><strong>invitat</strong></span> <span class='ocrx_word' id='word_1_189' title='bbox 1708 3256 1724 3279; x_wconf 89' lang='lat'><em>,</em></span> 
     </span>
     <span class='ocr_line' id='line_1_30' title="bbox 700 3295 1730 3358; baseline -0.006 -6"><span class='ocrx_word' id='word_1_190' title='bbox 700 3296 945 3352; x_wconf 78' lang='lat' dir='ltr'><strong>titillstve</strong></span> <span class='ocrx_word' id='word_1_191' title='bbox 966 3313 980 3348; x_wconf 76' lang='grc' dir='ltr'><strong><em>ε</em></strong></span> <span class='ocrx_word' id='word_1_192' title='bbox 1009 3295 1146 3349; x_wconf 85' lang='lat' dir='ltr'><strong>sicut</strong></span> <span class='ocrx_word' id='word_1_193' title='bbox 1166 3311 1269 3348; x_wconf 89' lang='lat' dir='ltr'><strong>nec</strong></span> <span class='ocrx_word' id='word_1_194' title='bbox 1292 3295 1512 3358; x_wconf 76' lang='lat' dir='ltr'><strong>vinnm,</strong></span> <span class='ocrx_word' id='word_1_195' title='bbox 1529 3295 1586 3346; x_wconf 89' lang='lat' dir='ltr'><strong>ni</strong></span> <span class='ocrx_word' id='word_1_196' title='bbox 1610 3295 1730 3347; x_wconf 83' lang='lat' dir='ltr'><strong>vitis</strong></span> 
     </span>
     <span class='ocr_line' id='line_1_31' title="bbox 698 3375 1730 3447; baseline -0.002 -17"><span class='ocrx_word' id='word_1_197' title='bbox 698 3388 825 3430; x_wconf 84' lang='lat' dir='ltr'><strong>ante</strong></span> <span class='ocrx_word' id='word_1_198' title='bbox 867 3387 1106 3447; x_wconf 85' lang='lat' dir='ltr'><strong>putetur.</strong></span> <span class='ocrx_word' id='word_1_199' title='bbox 1154 3375 1279 3429; x_wconf 72' lang='lat' dir='ltr'><strong>llaec</strong></span> <span class='ocrx_word' id='word_1_200' title='bbox 1314 3391 1634 3446; x_wconf 83' lang='lat' dir='ltr'><strong>perperam,</strong></span> <span class='ocrx_word' id='word_1_201' title='bbox 1668 3385 1730 3428; x_wconf 92' lang='lat' dir='ltr'><strong>ut</strong></span> 
     </span>
     <span class='ocr_line' id='line_1_32' title="bbox 700 3453 1728 3528; baseline -0.003 -18"><span class='ocrx_word' id='word_1_202' title='bbox 700 3457 801 3510; x_wconf 85' lang='lat' dir='ltr'><strong>alia</strong></span> <span class='ocrx_word' id='word_1_203' title='bbox 828 3473 987 3528; x_wconf 84' lang='lat' dir='ltr'><strong>quam</strong></span> <span class='ocrx_word' id='word_1_204' title='bbox 1014 3455 1183 3510; x_wconf 84' lang='lat' dir='ltr'><strong>multa</strong></span> <span class='ocrx_word' id='word_1_205' title='bbox 1200 3495 1217 3522; x_wconf 85' lang='lat'>‚</span> <span class='ocrx_word' id='word_1_206' title='bbox 1242 3453 1615 3525; x_wconf 84' lang='lat' dir='ltr'><strong>Dalecampius</strong></span> <span class='ocrx_word' id='word_1_207' title='bbox 1641 3471 1728 3508; x_wconf 83' lang='lat' dir='ltr'><strong>ac·</strong></span> 
     </span>
     <span class='ocr_line' id='line_1_33' title="bbox 700 3535 1061 3606; baseline -0.008 -16"><span class='ocrx_word' id='word_1_208' title='bbox 700 3535 851 3606; x_wconf 81' lang='lat' dir='ltr'><strong>cipit.</strong></span> <span class='ocrx_word' id='word_1_209' title='bbox 881 3535 1061 3592; x_wconf 75' lang='grc' dir='ltr'><strong>ΗΛιι).</strong></span> 
     </span>
    </p>

    <p class='ocr_par' dir='ltr' id='par_1_8' title="bbox 701 3609 1730 3765">
     <span class='ocr_line' id='line_1_34' title="bbox 783 3609 1730 3687; baseline -0.001 -20"><span class='ocrx_word' id='word_1_210' title='bbox 783 3635 872 3687; x_wconf 83' lang='lat'><strong>²7·</strong></span> <span class='ocrx_word' id='word_1_211' title='bbox 915 3615 1020 3668; x_wconf 72' lang='lat' dir='ltr'><strong>Nec</strong></span> <span class='ocrx_word' id='word_1_212' title='bbox 1056 3624 1155 3665; x_wconf 76' lang='lat' dir='ltr'><strong>tam</strong></span> <span class='ocrx_word' id='word_1_213' title='bbox 1194 3629 1457 3666; x_wconf 70' lang='lat' dir='ltr'><strong>numerosa.</strong></span> <span class='ocrx_word' id='word_1_214' title='bbox 1492 3609 1608 3664; x_wconf 76' lang='lat' dir='ltr'><strong>Nec</strong></span> <span class='ocrx_word' id='word_1_215' title='bbox 1646 3623 1730 3666; x_wconf 80' lang='lat' dir='ltr'><strong>tot</strong></span> 
     </span>
     <span class='ocr_line' id='line_1_35' title="bbox 701 3691 1604 3765; baseline -0.002 -18"><span class='ocrx_word' id='word_1_216' title='bbox 701 3693 838 3758; x_wconf 90' lang='lat' dir='ltr'><strong>olei,</strong></span> <span class='ocrx_word' id='word_1_217' title='bbox 873 3705 1005 3765; x_wconf 85' lang='lat' dir='ltr'><strong>quot</strong></span> <span class='ocrx_word' id='word_1_218' title='bbox 1023 3693 1135 3745; x_wconf 75' lang='lat' dir='ltr'><strong>vini</strong></span> <span class='ocrx_word' id='word_1_219' title='bbox 1150 3731 1165 3760; x_wconf 89' lang='lat'>,</span> <span class='ocrx_word' id='word_1_220' title='bbox 1186 3711 1395 3763; x_wconf 73' lang='lat' dir='ltr'><strong>genera.</strong></span> <span class='ocrx_word' id='word_1_221' title='bbox 1421 3691 1604 3745; x_wconf 66' lang='grc' dir='ltr'><strong>Ηιιιυ.</strong></span> 
     </span>
    </p>

    <p class='ocr_par' dir='ltr' id='par_1_9' title="bbox 704 3771 1722 3986">
     <span class='ocr_line' id='line_1_36' title="bbox 786 3771 1722 3844; baseline -0.001 -19"><span class='ocrx_word' id='word_1_222' title='bbox 786 3773 877 3826; x_wconf 77' lang='lat'><strong>28.</strong></span> <span class='ocrx_word' id='word_1_223' title='bbox 938 3771 1113 3824; x_wconf 75' lang='lat' dir='ltr'><strong>Tribus</strong></span> <span class='ocrx_word' id='word_1_224' title='bbox 1166 3783 1221 3824; x_wconf 77' lang='lat' dir='ltr'><strong>ut</strong></span> <span class='ocrx_word' id='word_1_225' title='bbox 1262 3773 1524 3844; x_wconf 75' lang='lat' dir='ltr'><strong>plurimum</strong></span> <span class='ocrx_word' id='word_1_226' title='bbox 1549 3809 1566 3836; x_wconf 85' lang='lat'>,</span> <span class='ocrx_word' id='word_1_227' title='bbox 1624 3783 1722 3824; x_wconf 87' lang='lat' dir='ltr'><strong>etc.</strong></span> 
     </span>
     <span class='ocr_line' id='line_1_37' title="bbox 704 3849 1725 3922; baseline -0.001 -17"><span class='ocrx_word' id='word_1_228' title='bbox 704 3851 878 3905; x_wconf 78' lang='lat' dir='ltr'><strong>Prima</strong></span> <span class='ocrx_word' id='word_1_229' title='bbox 890 3887 906 3916; x_wconf 88' lang='lat'><strong>,</strong></span> <span class='ocrx_word' id='word_1_230' title='bbox 928 3849 1158 3904; x_wconf 74' lang='lat' dir='ltr'><strong>secunde</strong></span> <span class='ocrx_word' id='word_1_231' title='bbox 1170 3890 1186 3917; x_wconf 88' lang='lat'>‚</span> <span class='ocrx_word' id='word_1_232' title='bbox 1206 3862 1258 3903; x_wconf 87' lang='lat' dir='ltr'><strong>et</strong></span> <span class='ocrx_word' id='word_1_233' title='bbox 1274 3851 1430 3904; x_wconf 84' lang='lat' dir='ltr'><strong>tertia</strong></span> <span class='ocrx_word' id='word_1_234' title='bbox 1461 3869 1725 3922; x_wconf 80' lang='lat' dir='ltr'><strong>pressura.</strong></span> 
     </span>
     <span class='ocr_line' id='line_1_38' title="bbox 704 3930 1248 3986; baseline -0.006 0"><span class='ocrx_word' id='word_1_235' title='bbox 704 3930 1018 3986; x_wconf 71' lang='lat' dir='ltr'><strong>Columella.</strong></span> <span class='ocrx_word' id='word_1_236' title='bbox 1042 3931 1248 3983; x_wconf 70' lang='lat' dir='ltr'><strong>Dauo.</strong></span> 
     </span>
    </p>

    <p class='ocr_par' dir='ltr' id='par_1_10' title="bbox 785 4007 1623 4078">
     <span class='ocr_line' id='line_1_39' title="bbox 785 4007 1623 4078; baseline 0.001 -16"><span class='ocrx_word' id='word_1_237' title='bbox 785 4026 873 4077; x_wconf 78' lang='lat'><strong>²9·</strong></span> <span class='ocrx_word' id='word_1_238' title='bbox 894 4010 1155 4078; x_wconf 67' lang='lat' dir='ltr'><strong>Argutior.</strong></span> <span class='ocrx_word' id='word_1_239' title='bbox 1182 4009 1426 4063; x_wconf 77' lang='lat' dir='ltr'><strong>Acutior.</strong></span> <span class='ocrx_word' id='word_1_240' title='bbox 1441 4007 1623 4064; x_wconf 76' lang='lat' dir='ltr'><strong>Eum.</strong></span> 
     </span>
    </p>

    <p class='ocr_par' dir='ltr' id='par_1_11' title="bbox 788 4086 1726 4154">
     <span class='ocr_line' id='line_1_40' title="bbox 788 4086 1726 4154; baseline -0.001 -12"><span class='ocrx_word' id='word_1_241' title='bbox 788 4089 874 4142; x_wconf 84' lang='grc'><strong>30.</strong></span> <span class='ocrx_word' id='word_1_242' title='bbox 903 4087 1090 4142; x_wconf 66' lang='lat' dir='ltr'><strong>Brevis.</strong></span> <span class='ocrx_word' id='word_1_243' title='bbox 1114 4087 1238 4141; x_wconf 77' lang='lat' dir='ltr'><strong>Non</strong></span> <span class='ocrx_word' id='word_1_244' title='bbox 1260 4086 1550 4154; x_wconf 80' lang='lat' dir='ltr'><strong>durabilis,</strong></span> <span class='ocrx_word' id='word_1_245' title='bbox 1568 4087 1726 4142; x_wconf 86' lang='lat' dir='ltr'><strong>etiam</strong></span> 
     </span>
    </p>
   </div>
   <div class='ocr_carea' id='block_1_4' title="bbox 1811 2181 2824 4162">
    <p class='ocr_par' dir='ltr' id='par_1_12' title="bbox 1820 2181 2823 2394">
     <span class='ocr_line' id='line_1_41' title="bbox 1820 2181 2822 2252; baseline -0.002 -19"><span class='ocrx_word' id='word_1_246' title='bbox 1820 2181 1874 2233; x_wconf 86' lang='lat' dir='ltr'><strong>in</strong></span> <span class='ocrx_word' id='word_1_247' title='bbox 1905 2181 2025 2234; x_wconf 88' lang='lat' dir='ltr'><strong>oleo</strong></span> <span class='ocrx_word' id='word_1_248' title='bbox 2051 2181 2255 2251; x_wconf 86' lang='lat' dir='ltr'><strong>optimo</strong></span> <span class='ocrx_word' id='word_1_249' title='bbox 2280 2197 2295 2232; x_wconf 73' lang='grc' dir='ltr'>ε</span> <span class='ocrx_word' id='word_1_250' title='bbox 2333 2199 2503 2252; x_wconf 86' lang='lat' dir='ltr'><strong>quum</strong></span> <span class='ocrx_word' id='word_1_251' title='bbox 2550 2181 2822 2250; x_wconf 81' lang='lat' dir='ltr'><strong>plurimum</strong></span> 
     </span>
     <span class='ocr_line' id='line_1_42' title="bbox 1820 2257 2823 2329; baseline -0.001 -17"><span class='ocrx_word' id='word_1_252' title='bbox 1820 2261 1982 2313; x_wconf 66' lang='lat' dir='ltr'><strong>atatis</strong></span> <span class='ocrx_word' id='word_1_253' title='bbox 2005 2278 2186 2313; x_wconf 85' lang='lat' dir='ltr'><strong>annuo</strong></span> <span class='ocrx_word' id='word_1_254' title='bbox 2209 2259 2298 2326; x_wconf 84' lang='lat' dir='ltr'><strong>sit,</strong></span> <span class='ocrx_word' id='word_1_255' title='bbox 2325 2274 2385 2313; x_wconf 88' lang='lat' dir='ltr'><strong>ut</strong></span> <span class='ocrx_word' id='word_1_256' title='bbox 2411 2257 2616 2312; x_wconf 84' lang='lat' dir='ltr'><strong>dictum</strong></span> <span class='ocrx_word' id='word_1_257' title='bbox 2631 2272 2707 2313; x_wconf 81' lang='lat' dir='ltr'><strong>est</strong></span> <span class='ocrx_word' id='word_1_258' title='bbox 2723 2277 2823 2329; x_wconf 78' lang='lat' dir='ltr'><strong>cap.</strong></span> 
     </span>
     <span class='ocr_line' id='line_1_43' title="bbox 1823 2339 2091 2394; baseline 0.004 -2"><span class='ocrx_word' id='word_1_259' title='bbox 1823 2339 1876 2393; x_wconf 81' lang='lat'><strong>3.</strong></span> <span class='ocrx_word' id='word_1_260' title='bbox 1908 2339 2091 2394; x_wconf 71' lang='grc' dir='ltr'><strong>Ηιιιιι.</strong></span> 
     </span>
    </p>

    <p class='ocr_par' dir='ltr' id='par_1_13' title="bbox 1815 2417 2824 2952">
     <span class='ocr_line' id='line_1_44' title="bbox 1899 2417 2824 2490; baseline 0.001 -19"><span class='ocrx_word' id='word_1_261' title='bbox 1899 2419 1972 2472; x_wconf 89' lang='lat' dir='ltr'><strong>V.</strong></span> <span class='ocrx_word' id='word_1_262' title='bbox 2007 2435 2054 2473; x_wconf 75' lang='grc' dir='ltr'><strong>ι.</strong></span> <span class='ocrx_word' id='word_1_263' title='bbox 2088 2417 2216 2472; x_wconf 73' lang='lat' dir='ltr'><strong>oleo</strong></span> <span class='ocrx_word' id='word_1_264' title='bbox 2254 2431 2449 2472; x_wconf 72' lang='lat' dir='ltr'><strong>natm.</strong></span> <span class='ocrx_word' id='word_1_265' title='bbox 2491 2419 2620 2472; x_wconf 69' lang='lat' dir='ltr'><strong>Hoc</strong></span> <span class='ocrx_word' id='word_1_266' title='bbox 2648 2419 2824 2490; x_wconf 80' lang='lat' dir='ltr'><strong>pariter</strong></span> 
     </span>
     <span class='ocr_line' id='line_1_45' title="bbox 1817 2496 2824 2570; baseline -0.001 -18"><span class='ocrx_word' id='word_1_267' title='bbox 1817 2496 2187 2565; x_wconf 75' lang='lat' dir='ltr'><strong>Dioscorides,</strong></span> <span class='ocrx_word' id='word_1_268' title='bbox 2229 2499 2322 2551; x_wconf 86' lang='lat' dir='ltr'><strong>lib.</strong></span> <span class='ocrx_word' id='word_1_269' title='bbox 2350 2499 2406 2563; x_wconf 90' lang='lat'><strong>1,</strong></span> <span class='ocrx_word' id='word_1_270' title='bbox 2459 2515 2577 2570; x_wconf 88' lang='lat' dir='ltr'><strong>cap.</strong></span> <span class='ocrx_word' id='word_1_271' title='bbox 2627 2497 2712 2553; x_wconf 80' lang='lat'><strong>30.</strong></span> <span class='ocrx_word' id='word_1_272' title='bbox 2756 2501 2824 2551; x_wconf 79' lang='lat' dir='ltr'><strong>De</strong></span> 
     </span>
     <span class='ocr_line' id='line_1_46' title="bbox 1821 2578 2822 2650; baseline -0.002 -17"><span class='ocrx_word' id='word_1_273' title='bbox 1821 2579 2131 2633; x_wconf 65' lang='lat' dir='ltr'><strong>Graecorum</strong></span> <span class='ocrx_word' id='word_1_274' title='bbox 2177 2578 2489 2650; x_wconf 77' lang='lat' dir='ltr'><strong>gymnasiis,</strong></span> <span class='ocrx_word' id='word_1_275' title='bbox 2533 2579 2662 2632; x_wconf 80' lang='lat' dir='ltr'><strong>scite</strong></span> <span class='ocrx_word' id='word_1_276' title='bbox 2707 2579 2822 2631; x_wconf 76' lang='lat' dir='ltr'><strong>Pm-</strong></span> 
     </span>
     <span class='ocr_line' id='line_1_47' title="bbox 1817 2656 2822 2729; baseline -0.003 -18"><span class='ocrx_word' id='word_1_277' title='bbox 1817 2656 2030 2712; x_wconf 84' lang='lat' dir='ltr'><strong>dentius</strong></span> <span class='ocrx_word' id='word_1_278' title='bbox 2057 2659 2114 2710; x_wconf 90' lang='lat' dir='ltr'><strong>in</strong></span> <span class='ocrx_word' id='word_1_279' title='bbox 2141 2657 2437 2729; x_wconf 76' lang='lat' dir='ltr'><strong>Hammig.</strong></span> <span class='ocrx_word' id='word_1_280' title='bbox 2457 2676 2512 2712; x_wconf 78' lang='lat' dir='ltr'><strong>v.</strong></span> <span class='ocrx_word' id='word_1_281' title='bbox 2537 2659 2650 2711; x_wconf 81' lang='lat'><strong>36⁵</strong></span> <span class='ocrx_word' id='word_1_282' title='bbox 2677 2677 2692 2710; x_wconf 76' lang='grc' dir='ltr'><strong><em>ε</em></strong></span> <span class='ocrx_word' id='word_1_283' title='bbox 2714 2658 2822 2710; x_wconf 76' lang='lat' dir='ltr'><strong>«Sic</strong></span> 
     </span>
     <span class='ocr_line' id='line_1_48' title="bbox 1817 2736 2824 2808; baseline -0.003 -16"><span class='ocrx_word' id='word_1_284' title='bbox 1817 2737 2243 2792; x_wconf 72' lang='lat' dir='ltr'><strong>Lacedaemonias</strong></span> <span class='ocrx_word' id='word_1_285' title='bbox 2260 2739 2382 2790; x_wconf 88' lang='lat' dir='ltr'><strong>oleo</strong></span> <span class='ocrx_word' id='word_1_286' title='bbox 2403 2736 2668 2792; x_wconf 78' lang='lat' dir='ltr'><strong>maduisse</strong></span> <span class='ocrx_word' id='word_1_287' title='bbox 2689 2738 2824 2808; x_wconf 70' lang='lat' dir='ltr'><strong>paln-</strong></span> 
     </span>
     <span class='ocr_line' id='line_1_49' title="bbox 1815 2816 2824 2887; baseline -0.003 -14"><span class='ocrx_word' id='word_1_288' title='bbox 1815 2831 1948 2873; x_wconf 77' lang='lat' dir='ltr'><strong>stras</strong></span> <span class='ocrx_word' id='word_1_289' title='bbox 1969 2817 2228 2870; x_wconf 79' lang='lat' dir='ltr'><strong>Novimus</strong></span> <span class='ocrx_word' id='word_1_290' title='bbox 2243 2855 2259 2881; x_wconf 88' lang='lat'>,</span> <span class='ocrx_word' id='word_1_291' title='bbox 2282 2829 2335 2870; x_wconf 87' lang='lat' dir='ltr'><strong>et</strong></span> <span class='ocrx_word' id='word_1_292' title='bbox 2355 2816 2628 2887; x_wconf 74' lang='lat' dir='ltr'><strong>placidum</strong></span> <span class='ocrx_word' id='word_1_293' title='bbox 2651 2817 2824 2870; x_wconf 66' lang='lat' dir='ltr'><strong>mire</strong></span> 
     </span>
     <span class='ocr_line' id='line_1_50' title="bbox 1815 2894 2666 2952; baseline -0.005 0"><span class='ocrx_word' id='word_1_294' title='bbox 1815 2894 1885 2952; x_wconf 85' lang='lat' dir='ltr'><strong>ad</strong></span> <span class='ocrx_word' id='word_1_295' title='bbox 1910 2897 2133 2950; x_wconf 84' lang='lat' dir='ltr'><strong>crimina</strong></span> <span class='ocrx_word' id='word_1_296' title='bbox 2159 2914 2394 2950; x_wconf 85' lang='lat' dir='ltr'><strong>succum.</strong></span> <span class='ocrx_word' id='word_1_297' title='bbox 2427 2921 2452 2944; x_wconf 72' lang='grc' dir='ltr'><strong>ι</strong></span> <span class='ocrx_word' id='word_1_298' title='bbox 2481 2898 2666 2950; x_wconf 71' lang='lat' dir='ltr'><strong>Ham).</strong></span> 
     </span>
    </p>

    <p class='ocr_par' dir='ltr' id='par_1_14' title="bbox 1815 2975 2820 3127">
     <span class='ocr_line' id='line_1_51' title="bbox 1825 2975 2820 3049; baseline -0.002 -19"><span class='ocrx_word' id='word_1_299' title='bbox 1825 2987 1832 2994; x_wconf 82' lang='lat'>’</span> <span class='ocrx_word' id='word_1_300' title='bbox 1900 2997 1950 3030; x_wconf 75' lang='grc' dir='ltr'><strong>ιι.</strong></span> <span class='ocrx_word' id='word_1_301' title='bbox 1993 2977 2332 3046; x_wconf 55' lang='lat' dir='ltr'><strong>magun-atus.</strong></span> <span class='ocrx_word' id='word_1_302' title='bbox 2365 2975 2820 3049; x_wconf 60' lang='lat' dir='ltr'><strong>Gymnas-im,</strong></span> 
     </span>
     <span class='ocr_line' id='line_1_52' title="bbox 1815 3055 2786 3127; baseline -0.003 -17"><span class='ocrx_word' id='word_1_303' title='bbox 1815 3069 1870 3110; x_wconf 83' lang='lat' dir='ltr'><strong>et</strong></span> <span class='ocrx_word' id='word_1_304' title='bbox 1893 3056 2209 3110; x_wconf 75' lang='lat' dir='ltr'><strong>athletarum</strong></span> <span class='ocrx_word' id='word_1_305' title='bbox 2236 3055 2377 3109; x_wconf 75' lang='lat' dir='ltr'><strong>ludis</strong></span> <span class='ocrx_word' id='word_1_306' title='bbox 2407 3055 2702 3127; x_wconf 65' lang='lat' dir='ltr'><strong>prefectos.</strong></span> <span class='ocrx_word' id='word_1_307' title='bbox 2725 3055 2786 3107; x_wconf 79' lang='grc' dir='ltr'><strong>Η.</strong></span> 
     </span>
    </p>

    <p class='ocr_par' dir='ltr' id='par_1_15' title="bbox 1811 3133 2821 4162">
     <span class='ocr_line' id='line_1_53' title="bbox 1898 3133 2821 3208; baseline 0.001 -21"><span class='ocrx_word' id='word_1_308' title='bbox 1898 3134 1950 3189; x_wconf 85' lang='grc'><strong>3.</strong></span> <span class='ocrx_word' id='word_1_309' title='bbox 1985 3133 2263 3206; x_wconf 70' lang='lat' dir='ltr'><strong>octogenis.</strong></span> <span class='ocrx_word' id='word_1_310' title='bbox 2293 3136 2540 3189; x_wconf 73' lang='lat' dir='ltr'><strong>Sestertiu</strong></span> <span class='ocrx_word' id='word_1_311' title='bbox 2573 3137 2662 3190; x_wconf 84' lang='lat' dir='ltr'><strong>hic</strong></span> <span class='ocrx_word' id='word_1_312' title='bbox 2687 3151 2821 3208; x_wconf 71' lang='lat' dir='ltr'><strong>gene·</strong></span> 
     </span>
     <span class='ocr_line' id='line_1_54' title="bbox 1813 3213 2815 3286; baseline -0.001 -19"><span class='ocrx_word' id='word_1_313' title='bbox 1813 3213 1920 3276; x_wconf 83' lang='lat' dir='ltr'><strong>ris,</strong></span> <span class='ocrx_word' id='word_1_314' title='bbox 1961 3228 2021 3269; x_wconf 85' lang='lat' dir='ltr'><strong>ut</strong></span> <span class='ocrx_word' id='word_1_315' title='bbox 2061 3227 2292 3278; x_wconf 76' lang='lat' dir='ltr'><strong>vocant,</strong></span> <span class='ocrx_word' id='word_1_316' title='bbox 2347 3217 2530 3268; x_wconf 82' lang='lat' dir='ltr'><strong>neutri</strong></span> <span class='ocrx_word' id='word_1_317' title='bbox 2559 3215 2815 3286; x_wconf 73' lang='lat' dir='ltr'><strong>intellige:</strong></span> 
     </span>
     <span class='ocr_line' id='line_1_55' title="bbox 1814 3295 2818 3366; baseline -0.001 -20"><span class='ocrx_word' id='word_1_318' title='bbox 1814 3311 2046 3366; x_wconf 82' lang='lat' dir='ltr'><strong>quorum</strong></span> <span class='ocrx_word' id='word_1_319' title='bbox 2077 3295 2284 3366; x_wconf 77' lang='lat' dir='ltr'><strong>singula</strong></span> <span class='ocrx_word' id='word_1_320' title='bbox 2329 3296 2596 3348; x_wconf 76' lang='lat' dir='ltr'><strong>sestertios</strong></span> <span class='ocrx_word' id='word_1_321' title='bbox 2636 3295 2818 3350; x_wconf 67' lang='lat' dir='ltr'><strong>valent</strong></span> 
     </span>
     <span class='ocr_line' id='line_1_56' title="bbox 1813 3373 2817 3446; baseline -0.001 -20"><span class='ocrx_word' id='word_1_322' title='bbox 1813 3373 1962 3427; x_wconf 87' lang='lat' dir='ltr'><strong>mille</strong></span> <span class='ocrx_word' id='word_1_323' title='bbox 1991 3393 2004 3427; x_wconf 74' lang='grc' dir='ltr'><strong>ε</strong></span> <span class='ocrx_word' id='word_1_324' title='bbox 2038 3387 2296 3446; x_wconf 79' lang='lat' dir='ltr'><strong>octogena</strong></span> <span class='ocrx_word' id='word_1_325' title='bbox 2310 3413 2326 3439; x_wconf 85' lang='lat'>,</span> <span class='ocrx_word' id='word_1_326' title='bbox 2351 3373 2522 3428; x_wconf 79' lang='lat' dir='ltr'><strong>millia</strong></span> <span class='ocrx_word' id='word_1_327' title='bbox 2541 3375 2817 3446; x_wconf 66' lang='lat' dir='ltr'><strong>octogiuta,</strong></span> 
     </span>
     <span class='ocr_line' id='line_1_57' title="bbox 1814 3453 2816 3526; baseline 0 -20"><span class='ocrx_word' id='word_1_328' title='bbox 1814 3469 1904 3506; x_wconf 85' lang='lat' dir='ltr'><strong>seu</strong></span> <span class='ocrx_word' id='word_1_329' title='bbox 1945 3467 2172 3507; x_wconf 68' lang='lat' dir='ltr'><strong>moneto</strong></span> <span class='ocrx_word' id='word_1_330' title='bbox 2209 3453 2408 3526; x_wconf 67' lang='lat' dir='ltr'><strong>gallico</strong></span> <span class='ocrx_word' id='word_1_331' title='bbox 2449 3453 2615 3508; x_wconf 66' lang='lat' dir='ltr'><strong>libra</strong></span> <span class='ocrx_word' id='word_1_332' title='bbox 2657 3456 2816 3522; x_wconf 80' lang='lat' dir='ltr'><strong>8,ooo.</strong></span> 
     </span>
     <span class='ocr_line' id='line_1_58' title="bbox 1812 3528 2816 3606; baseline -0.002 -20"><span class='ocrx_word' id='word_1_333' title='bbox 1812 3533 1894 3586; x_wconf 90' lang='lat' dir='ltr'><strong>De</strong></span> <span class='ocrx_word' id='word_1_334' title='bbox 1919 3533 2004 3586; x_wconf 85' lang='lat' dir='ltr'><strong>his</strong></span> <span class='ocrx_word' id='word_1_335' title='bbox 2034 3533 2142 3586; x_wconf 86' lang='lat' dir='ltr'><strong>olei</strong></span> <span class='ocrx_word' id='word_1_336' title='bbox 2169 3533 2526 3605; x_wconf 72' lang='lat' dir='ltr'><strong>strigmentis,</strong></span> <span class='ocrx_word' id='word_1_337' title='bbox 2555 3551 2672 3606; x_wconf 67' lang='lat' dir='ltr'><strong>qun</strong></span> <span class='ocrx_word' id='word_1_338' title='bbox 2689 3528 2816 3586; x_wconf 79' lang='lat' dir='ltr'><strong>eradi</strong></span> 
     </span>
     <span class='ocr_line' id='line_1_59' title="bbox 1812 3611 2818 3685; baseline 0.002 -21"><span class='ocrx_word' id='word_1_339' title='bbox 1812 3629 1843 3665; x_wconf 89' lang='lat' dir='ltr'><strong>e</strong></span> <span class='ocrx_word' id='word_1_340' title='bbox 1872 3611 2094 3666; x_wconf 76' lang='lat' dir='ltr'><strong>balineis</strong></span> <span class='ocrx_word' id='word_1_341' title='bbox 2117 3613 2356 3667; x_wconf 83' lang='lat' dir='ltr'><strong>solebant</strong></span> <span class='ocrx_word' id='word_1_342' title='bbox 2384 3651 2401 3677; x_wconf 88' lang='lat'>‚</span> <span class='ocrx_word' id='word_1_343' title='bbox 2441 3629 2579 3685; x_wconf 78' lang='lat' dir='ltr'><strong>quos</strong></span> <span class='ocrx_word' id='word_1_344' title='bbox 2609 3611 2676 3666; x_wconf 84' lang='lat' dir='ltr'><strong>ad</strong></span> <span class='ocrx_word' id='word_1_345' title='bbox 2707 3627 2818 3666; x_wconf 67' lang='lat' dir='ltr'><strong>um</strong></span> 
     </span>
     <span class='ocr_line' id='line_1_60' title="bbox 1811 3689 2816 3764; baseline 0 -20"><span class='ocrx_word' id='word_1_346' title='bbox 1811 3690 2090 3745; x_wconf 63' lang='lat' dir='ltr'><strong>medicina</strong></span> <span class='ocrx_word' id='word_1_347' title='bbox 2110 3693 2262 3747; x_wconf 72' lang='lat' dir='ltr'><strong>utilis</strong></span> <span class='ocrx_word' id='word_1_348' title='bbox 2277 3705 2615 3764; x_wconf 78' lang='lat' dir='ltr'><strong>putarentur,</strong></span> <span class='ocrx_word' id='word_1_349' title='bbox 2629 3689 2816 3745; x_wconf 81' lang='lat' dir='ltr'><strong>dicetur</strong></span> 
     </span>
     <span class='ocr_line' id='line_1_61' title="bbox 1811 3771 2814 3841; baseline 0.004 -18"><span class='ocrx_word' id='word_1_350' title='bbox 1811 3771 1910 3826; x_wconf 85' lang='lat' dir='ltr'><strong>lib.</strong></span> <span class='ocrx_word' id='word_1_351' title='bbox 1935 3771 2206 3839; x_wconf 81' lang='lat' dir='ltr'><strong>xxvm,</strong></span> <span class='ocrx_word' id='word_1_352' title='bbox 2233 3791 2282 3826; x_wconf 86' lang='lat' dir='ltr'><strong>c.</strong></span> <span class='ocrx_word' id='word_1_353' title='bbox 2315 3772 2404 3826; x_wconf 80' lang='lat'><strong>13.</strong></span> <span class='ocrx_word' id='word_1_354' title='bbox 2427 3773 2814 3841; x_wconf 71' lang='lat' dir='ltr'><strong>11.—0eeog=-</strong></span> 
     </span>
     <span class='ocr_line' id='line_1_62' title="bbox 1811 3851 2815 3916; baseline 0 -13"><span class='ocrx_word' id='word_1_355' title='bbox 1811 3855 2030 3904; x_wconf 72' lang='lat' dir='ltr'><strong>sestertia</strong></span> <span class='ocrx_word' id='word_1_356' title='bbox 2050 3862 2172 3904; x_wconf 85' lang='lat' dir='ltr'><strong>sunt</strong></span> <span class='ocrx_word' id='word_1_357' title='bbox 2189 3863 2386 3905; x_wconf 65' lang='lat' dir='ltr'><strong>nostru</strong></span> <span class='ocrx_word' id='word_1_358' title='bbox 2412 3863 2665 3916; x_wconf 69' lang='lat' dir='ltr'><strong>moneto,</strong></span> <span class='ocrx_word' id='word_1_359' title='bbox 2683 3851 2815 3903; x_wconf 75' lang='lat' dir='ltr'><strong>libra</strong></span> 
     </span>
     <span class='ocr_line' id='line_1_63' title="bbox 1819 3930 2810 3997; baseline 0.001 -14"><span class='ocrx_word' id='word_1_360' title='bbox 1819 3931 2046 3997; x_wconf 72' lang='lat'><strong>1⁵‚562.</strong></span> <span class='ocrx_word' id='word_1_361' title='bbox 2067 3930 2810 3986; x_wconf 66' lang='lat' dir='ltr'><strong>Bnooe.-sin‹1roomfiorun</strong></span> 
     </span>
     <span class='ocr_line' id='line_1_64' title="bbox 1811 4010 2812 4082; baseline -0.004 -18"><span class='ocrx_word' id='word_1_362' title='bbox 1811 4010 2266 4082; x_wconf 69' lang='lat' dir='ltr'><strong>computationem</strong></span> <span class='ocrx_word' id='word_1_363' title='bbox 2321 4011 2604 4077; x_wconf 76' lang='lat' dir='ltr'><strong>retuleru,</strong></span> <span class='ocrx_word' id='word_1_364' title='bbox 2673 4015 2812 4062; x_wconf 71' lang='lat' dir='ltr'><strong>erum</strong></span> 
     </span>
     <span class='ocr_line' id='line_1_65' title="bbox 1811 4079 2580 4162; baseline 0.001 -19"><span class='ocrx_word' id='word_1_365' title='bbox 1811 4091 1974 4160; x_wconf 83' lang='lat' dir='ltr'><strong>paulo</strong></span> <span class='ocrx_word' id='word_1_366' title='bbox 2001 4079 2122 4162; x_wconf 86' lang='lat' dir='ltr'><strong>plus</strong></span> <span class='ocrx_word' id='word_1_367' title='bbox 2151 4093 2348 4156; x_wconf 81' lang='lat' dir='ltr'><strong>16,ooo</strong></span> <span class='ocrx_word' id='word_1_368' title='bbox 2377 4091 2446 4144; x_wconf 84' lang='lat' dir='ltr'><strong>fr.</strong></span> <span class='ocrx_word' id='word_1_369' title='bbox 2475 4091 2580 4144; x_wconf 80' lang='lat' dir='ltr'><strong>En.</strong></span> 
     </span>
    </p>
   </div>
  </div>
 </body>
</html>
