2984 5009
929 493 1249 562 LIBER
1300 493 1465 562 XV.

2103 502 2260 593 «μιᾳ

157 628 357 713 lam-0,
390 627 541 695 nuci
569 623 907 744 juglandi‚
942 622 1351 719 amygdalis:
1395 623 1622 694 dulces
1652 613 1866 711 uvis‘,
1904 627 2086 714 ficis,
2124 630 2264 725 pal-

130 725 308 804 'mis:
295 757 615 862 ·aquosus
639 731 886 826 prunis.
930 732 1183 825 Magna
1203 729 1580 800 differentia
1604 747 1672 801 et
1695 734 1766 800 in
1801 731 2026 804 colore
2056 740 2260 806 succi.

87 841 89 844 ’
156 825 1433 935 Sanguineus⁵m01iS‚cerasis‚cornis,
1456 839 1606 907 uvis
1629 839 1858 932 nigris
1887 839 2076 910 Idem
2097 842 2263 912 albis

87 1003 90 1008 .
158 946 459 1016 madidus.
514 947 801 1014 Lacteus
848 943 917 1011 in
960 945 1175 1036 capite
1216 942 1397 1032 ficis,
1438 945 1508 1011 in
1549 969 1830 1040 corpore
1870 970 2008 1016 non
2055 949 2261 1018 item:

87 1071 89 1132 ζ
158 1077 437 1147 spumeus
464 1049 655 1120 malis
682 1074 699 1118 :
734 1047 955 1118 nullus
980 1050 1292 1137 Persicis,
1320 1075 1526 1145 quum
1555 1053 1920 1145 prasertim
1947 1053 2268 1124 duracina

87 1169 89 1236 ἑ
158 1183 328 1228 succo
362 1155 706 1226 abundent
738 1181 755 1224 ε
792 1153 908 1224 sed

87 1269 89 1340 ξ
161 1280 215 1334 et
256 1268 315 1334 in
358 1263 565 1333 odore
608 1259 930 1332 miracula
979 1312 995 1328 .

1026 1155 1079 1223 is
1106 1154 1249 1250 ejus
1270 1155 1481 1226 ullum
1506 1156 1746 1226 dixerit
1767 1157 2106 1229 colorem?
2132 1149 2266 1230 Sua

1054 1260 1251 1331 Malis
1294 1263 1601 1347 acutus⁷;

1655 1266 1931 1334 Persicis
1969 1265 2217 1337 dilutus
2237 1321 2256 1355 ‚
2296 1305 2323 1336 2

87 1403 89 1452 ς
157 1369 428 1440 dulcibus
474 1367 715 1439 nullus.
773 1366 949 1436 Nam
994 1381 1063 1436 et
1104 1369 1337 1438 vinum
1392 1367 1526 1438 tale
1573 1371 1714 1440 sine
1762 1370 2002 1460 odore,
2065 1387 2266 1444 tenue

87 1467 89 1476 ξ
159 1477 495 1548 odoratius:
524 1474 867 1569 multoque
894 1471 1173 1544 celerius
1194 1475 1349 1544 talia
1378 1461 1489 1545 ad⁸
1506 1475 1728 1546 usum⁹
1744 1479 2042 1568 veniunt,
2066 1505 2266 1575 quam

158 1585 413 1679 pinguia.
449 1583 619 1672 Quae
658 1580 935 1650 odorata
952 1629 971 1664 ,
1014 1605 1151 1650 non
1184 1582 1415 1652 eadem
1448 1584 1518 1650 in
1555 1598 1754 1678 gustu
1792 1599 2018 1654 tenera
2062 1612 2077 1654 ε
2115 1588 2270 1682 quia

87 1697 90 1728 ²
157 1715 265 1758 non
290 1704 445 1760 sunt
475 1686 787 1785 paritet-¹⁰
812 1685 981 1756 odor
1010 1700 1080 1756 et
1107 1711 1323 1780 sapor.
1357 1687 1816 1778 Quamobrem
1851 1694 2071 1762 citreis
2102 1694 2273 1763 odor

156 1799 523 1882 acerrimus,
567 1819 767 1888 sapor
808 1795 1216 1887 asperrimus
1246 1821 1261 1862 :
1304 1795 1790 1890 quadamtenus
1825 1812 1894 1866 et
1929 1801 2262 1869 cotoneis:

87 1983 89 1988 ,
158 1901 473 1998 nullusque
508 1899 677 1971 odor
717 1898 946 1970 ficis¹¹.

236 2011 553 2079 XXXIV.
588 2010 679 2076 Et
696 2007 1023 2076 hactenus
1052 2009 1183 2076 sint
1214 2009 1467 2102 species
1497 2031 1576 2078 ac
1611 2026 1856 2102 genera
1883 2035 2267 2105 pomorum,
2309 2045 2332 2080 1

156 2130 389 2185 naturas
432 2115 681 2184 arctius
730 2112 951 2207 colligi
1000 2137 1123 2207 par
1170 2127 1287 2182 est.
1335 2113 1483 2183 Alia
1533 2113 1782 2210 siliquis
1805 2114 1822 2138 ¹
1865 2117 2265 2212 gignuntur,

87 2245 89 2298 ζ
158 2223 283 2315 ipsis
315 2220 657 2308 dulcibus,
724 2243 1085 2314 semenque
1126 2219 1492 2314 complexis
1537 2245 1840 2292 amarum
1875 2251 1890 2290 :
1941 2247 2148 2317 quum
2197 2225 2267 2292 in

87 2491 89 2496 .
156 2441 341 2496 eodem·
321 2461 441 2516 Jure
450 2443 653 2504 entim,
670 2441 827 2494 dulcis
840 2452 895 2494 et
912 2459 1149 2513 aquosus.-

87 2525 89 2556 5
154 2521 407 2592 legendum
448 2523 601 2574 dulci-s
636 2535 689 2574 et
732 2523 942 2592 aquosi:
951 2520 1151 2600 sicque

87 2653 89 2660 .
154 2603 339 2696 prefert
372 2601 515 2656 idem
560 2589 1151 2673 exemplar.P1i‹·r.—

87 2737 89 2744 ,
156 2683 219 2732 Ae
230 2686 446 2753 pingues.
466 2672 769 2744 Danaidae,
788 2680 953 2732 oleosi.
974 2679 1153 2732 Theo·

156 2761 253 2828 pbr.
276 2763 309 2814 l.
336 2781 387 2814 c.
412 2765 657 2832 Διπαροὶ,
670 2765 913 2830 pingues,
946 2758 1151 2812 auctori

87 2869 89 2872 >
154 2842 299 2912 operis
330 2841 399 2894 de
445 2841 671 2912 plantis,
714 2840 811 2892 lib.
834 2841 893 2904 1,
928 2857 1045 2910 cap.
1074 2837 1151 2892 ⁵·
1135 2877 1177 2898 ·.

156 2925 241 2972 Τῦν
268 2929 419 2988 χυλῶν
447 2923 491 2974 οἱ
521 2921 610 2990 μέν
648 2921 740 2972 niet
764 2921 994 2988 λιπαροὶ,
1016 2921 1081 2977 ὣς
1110 2918 1153 2969 οἱ

87 3055 89 3062 ,
158 3003 227 3058 τῆς
277 3001 472 3066 ἐλαίας,
526 3005 615 3061 τῆς
664 2999 846 3058 πεύκης
864 3036 881 3062 ,
936 2998 1022 3050 καὶ
1063 3001 1153 3057 τῆς

155 3081 329 3149 καρύας.
350 3081 533 3134 Hum-
550 3111 627 3123 --
658 3079 889 3148 Pingues.
912 3076 1154 3130 Gronov-

87 3207 89 3210 ,
154 3171 197 3210 et
219 3161 291 3212 Al.
316 3163 513 3231 pinguis
536 3179 557 3222 ,·
598 3171 651 3212 et
668 3177 793 3211 mox
820 3175 931 3210 non
954 3157 1115 3208 dulces
1134 3195 1152 3222 ,

156 3237 229 3290 sed
248 3240 393 3292 duleis
415 3239 684 3292 exhibent.
714 3237 821 3290 En.

222 3325 267 3380 4.
317 3320 497 3372 Dulees
545 3323 669 3372 uois.
721 3315 938 3371 Rectius
990 3333 1153 3387 quam

157 3396 412 3464 pon-6821<
438 3438 455 3464 ,
485 3399 643 3451 mellei
656 3435 681 3460 ,-
708 3411 770 3451 ut
800 3396 1154 3468 Theophraet.

157 3475 485 3532 diximus-1».

87 3571 89 3608 :
223 3559 269 3612 5.
308 3559 631 3628 Sanguineas.
689 3553 853 3609 Unde
910 3557 1145 3628 αἱμόρῤοα

87 3639 89 3660 ‘
159 3637 261 3706 μόραι
282 3638 563 3692 Athenaeus
582 3648 767 3702 vocat,
806 3636 899 3690 lib.
914 3637 1002 3702 11,
1030 3649 1151 3708 pag,

162 3715 235 3770 51.
259 3716 433 3771 Han.

222 3801 269 3848 6.
316 3797 419 3851 Suu
465 3809 515 3850 ee
580 3801 632 3850 in
681 3797 827 3848 odom
897 3797 1149 3849 miracula.

158 3872 397 3949 Theophr.
416 3889 531 3934 toto
549 3877 645 3930 lib.
668 3878 751 3929 VI
788 3877 945 3930 Caus.
976 3877 1115 3928 Du..

222 3975 267 4025 7.
291 3959 437 4010 Malis
460 3969 644 4011 acuens.
668 3956 854 4010 Suavis
874 3969 1049 4009 tamen
1068 3995 1081 4020 ,
1103 3969 1157 4010 et

160 4030 271 4089 αὖα)
298 4038 561 4108 jucundus
580 4071 597 4096 ‚
642 4049 707 4090 ut
730 4037 817 4090 vel
852 4036 1033 4089 animo
1066 4035 1157 4088 de·

163 4111 297 4168 fecto·
326 4133 569 4190 pevocet:
596 4117 767 4174 Plaut.
809 4117 865 4169 in
910 4115 1155 4188 Amphis.

308 4230 381 4294 V.

1242 2441 1584 2494 Enimvero
1629 2443 1924 2514 praegnanti
1965 2455 2182 2515 oportet
2215 2458 2270 2500 et

1237 2521 1441 2574 malum
1462 2520 1612 2586 dari,
1641 2523 1716 2575 Ut
1736 2520 1882 2593 quod
1909 2521 2132 2576 abrodat
2165 2523 2268 2591 sit,

1238 2599 1419 2654 animo
1448 2602 1495 2653 si
1518 2601 1654 2654 male
1679 2619 1790 2654 esse
1811 2602 2049 2674 coeperit.
2076 2628 2100 2651 υ
2129 2605 2267 2658 Du..

1323 2683 1374 2735 8.
1405 2681 1500 2733 Ad
1535 2701 1684 2734 usum.
1729 2680 1818 2734 sic
1856 2700 1919 2734 ex
1968 2681 2122 2736 MSS.
2164 2701 2269 2737 em.

1242 2757 1407 2812 Hau-d.
1435 2779 1584 2814 cone.
1615 2760 1731 2814 MS.
1763 2773 1818 2813 et
1857 2761 1960 2814 Ch.
1991 2762 2062 2814 ad
2101 2773 2270 2818 nusum

1242 2839 1339 2892 Gr.
1368 2851 1421 2892 et
1455 2841 1542 2894 Al.
1571 2841 1674 2894 En.

1326 2936 1378 2988 9.
1418 2921 1566 2972 Talia
1607 2921 1682 2973 ad
1719 2939 1872 2973 usm.
1913 2921 2118 2974 Tenuit
2145 2923 2272 2979 vina

1242 2999 1445 3053 scilicet
1460 3039 1477 3064 ,
1499 3001 1553 3053 in
1576 3019 1672 3053 usu
1698 3000 2058 3072 frequentiore
2071 3042 2089 3069 ,
2110 3022 2271 3076 quam

1242 3079 1479 3151 pinguia.
1505 3077 1691 3131 Henn.

1331 3177 1414 3212 10.
1442 3159 1558 3212 Non
1597 3171 1710 3211 sunt
1741 3163 1945 3231 pariter.
1987 3162 2112 3216 Nou
2147 3175 2271 3218 aunt

1240 3238 1357 3308 pari
1376 3237 1542 3292 modo
1571 3236 1740 3290 :odor
1770 3252 1824 3291 et
1835 3241 2066 3311 sapon-in
2079 3241 2270 3297 eodem
2309 3276 2314 3284 ·

1242 3317 1419 3370 fructu
1463 3337 1576 3371 non
1615 3317 1860 3372 eumdem
1903 3319 2122 3372 modum
2173 3323 2268 3376 ha·

1242 3397 1391 3450 bent.
1421 3394 1602 3449 Hem).

1332 3495 1421 3529 ιι.
1452 3477 1722 3550 Nullusque
1761 3477 1882 3530 odor
1907 3476 2041 3548 ficis.
2092 3479 2266 3542 Fictis,

1244 3555 1406 3610 etiam
1433 3556 1587 3609 siccis
1619 3555 1758 3610 odor
1786 3569 1864 3611 est
1881 3595 1900 3622 ,
1939 3554 2031 3611 sed
2073 3561 2272 3615 tenuis.

1243 3635 1388 3689 Vide
1415 3636 1605 3708 Scalig.
1627 3638 1683 3689 in
1707 3637 1983 3708 Theophr.
2011 3637 2151 3693 Hist.
2172 3640 2269 3694 lib.

1243 3717 1305 3780 1,
1340 3735 1455 3788 cap.
1495 3735 1582 3786 19.
1611 3719 1816 3770 Dauo.

1320 3797 1581 3851 XXXIV.
1595 3816 1617 3851 ι
1630 3836 1644 3851 .
1659 3797 1782 3850 Alia
1789 3798 1975 3869 siliquis
1983 3801 2270 3868 gignuntur.

1246 3873 1458 3944 ΛοΕοῖς,
1501 3877 1584 3930 des
1630 3897 1842 3947 gomses.
1897 3878 2025 3931 Haec
2065 3879 2274 3934 Plinius

1247 3959 1424 4009 multo
1471 3957 1802 4030 explanatius
1822 3996 1837 4022 ,
1886 3977 2047 4030 quam
2094 3960 2274 4013 Theo-

1245 4037 1491 4108 phrastus
1507 4076 1524 4102 ,
1557 4039 1650 4108 qui
1675 4037 1729 4091 in
1763 4036 1954 4092 eodem
1975 4039 2176 4092 habitat
2196 4059 2276 4092 nr·

1247 4130 1524 4188 gumano,
1537 4117 1674 4172 nist.
1689 4117 1770 4174 Pl.
1784 4119 1878 4174 lib.
1894 4120 1922 4171 1
1933 4157 1950 4184 ,
1965 4135 2079 4191 cap.
2102 4138 2126 4173 1
2138 4121 2190 4174 8.
2205 4119 2274 4174 Η.
