2984 5009
664 454 797 527 532

1210 456 1287 522 C.
1342 455 1690 525 PLINII
1739 456 1956 525 NAT.
2007 453 2268 524 HIST.

658 603 894 661 auctor
934 602 1037 659 est
1078 589 1433 657 Masurius.
1467 590 1670 661 Nunc
1719 590 1976 661 facibus
2015 589 2328 685 carpinus
2375 602 2448 657 et
2479 586 2773 682 corylus'⁹

658 694 1196 765 familiarissimas.

769 804 1031 873 XXXI.
1078 806 1303 895 Aquas
1353 801 1556 872 odere
1611 804 1950 898 cupressi,
1991 800 2344 897 juglandes
2365 855 2384 883 ,
2447 816 2771 885 castaneis,

662 908 1015 979 laburnum
1035 906 1075 977 ¹.
1120 907 1361 1003 Alpina
1384 924 1452 977 et
1478 908 1623 979 haec
1653 909 1878 995 arbor,
1901 934 2026 979 nec
2049 906 2254 1003 vulgo
2279 923 2475 1003 nota,
2517 908 2675 977 dura
2704 931 2769 977 ac

660 1016 944 1087 candida
974 1016 1288 1099 materie,
1324 1015 1516 1109 cujus
1547 1015 1780 1086 florem
1815 1014 2174 1087 cubitalem
2201 1014 2611 1111 longitudine
2639 1038 2770 1132 apes

664 1146 799 1192 non
835 1124 1193 1217 attingunt.
1263 1121 1429 1191 Odit
1466 1136 1539 1192 et
1578 1148 1726 1218 quae
1741 1120 2139 1243 ‘appellatur
2181 1124 2367 1193 Jovis
2416 1120 2674 1210 barba²,
2717 1119 2772 1188 in

662 1254 865 1325 opere
922 1230 1209 1323 topiario
1262 1228 1517 1299 tonsilis
1533 1280 1553 1314 ,
1611 1245 1681 1299 et
1733 1232 1804 1300 in
1859 1229 2339 1304 rotunditatem
2399 1230 2632 1325 spissa,
2685 1250 2771 1295 ar·

662 1350 901 1433 genteo
961 1332 1144 1406 folio.
1196 1338 1351 1405 Non
1404 1337 1532 1407 nisi
1583 1336 1652 1405 in
1709 1338 1974 1433 aquosis
2041 1337 2448 1456 proveniunt
2501 1318 2769 1411 salice-5³,

660 1443 827 1530 alni,
889 1441 1157 1538 populi,
1220 1428 1439 1527 siler⁴‚

660 1616 841 1671 Ritum
856 1616 1039 1670 uxoris
1054 1615 1277 1670 domum
1289 1614 1552 1671 ducende
1568 1617 1691 1672 vide

663 1695 805 1769 apud
832 1696 1160 1749 Brissonium
1183 1735 1200 1759 ,
1242 1695 1340 1750 lib.
1371 1698 1427 1762 1,
1448 1716 1567 1769 cap.
1599 1699 1689 1751 18.

664 1774 807 1831 vide
832 1790 887 1831 et
911 1776 1009 1832 tib.
1038 1777 1121 1829 111
1138 1814 1154 1840 ,
1170 1794 1287 1848 cap.
1318 1784 1387 1841 ¹⁴
1408 1818 1425 1843 ,
1448 1790 1500 1830 et
1526 1778 1692 1831 alium

660 1856 829 1911 ritum
862 1856 1185 1911 nubentium
1228 1855 1377 1929 apud
1429 1858 1692 1911 Nonium.

664 1938 800 1992 Du..
828 1968 907 1980 —
944 1936 1020 1989 Et
1049 1939 1209 2008 spina.
1242 1938 1366 1990 Non
1394 1938 1651 2009 qualibet
1679 1976 1696 2002 ,

594 2082 599 2089 .
663 2016 828 2071 sedea
842 2015 1005 2070 modo
1020 2054 1038 2082 ,
1064 2035 1129 2069 ex
1150 2035 1256 2087 qua
1273 2017 1393 2071 fleri
1410 2018 1469 2069 in
1489 2017 1697 2088 nuptiis

663 2097 831 2151 solita
861 2097 1001 2151 faces
1014 2135 1031 2159 ,
1072 2095 1179 2149 hoc
1204 2109 1283 2151 est
1301 2135 1320 2162 ,
1349 2097 1502 2168 spina
1527 2097 1646 2151 alba
1675 2118 1690 2149 ε

665 2187 729 2230 ut
766 2176 944 2231 Varro
985 2188 1213 2231 testatur
1246 2175 1317 2230 de
1364 2179 1472 2231 vita
1507 2178 1697 2249 populi

665 2258 825 2311 Rom.
862 2255 1013 2329 apud
1039 2256 1314 2322 Nonium,
1340 2258 1439 2311 lib.
1464 2258 1551 2322 11,
1576 2275 1694 2329 cap.

672 2357 700 2389 π
724 2372 741 2397 ,
764 2355 820 2390 n.
858 2338 987 2402 340.
1010 2336 1081 2389 Et
1103 2335 1315 2403 Festus,
1336 2338 1502 2391 verbo
1530 2337 1697 2389 Pam·-

666 2419 733 2469 nu'
756 2435 776 2468 :
801 2415 1089 2471 «matrimi
1140 2430 1195 2469 et
1248 2418 1482 2471 matrimi
1539 2418 1696 2488 pueri

665 2498 965 2567 pretextati
978 2509 1085 2550 tres
1092 2497 1381 2554 nubentem
1389 2495 1667 2552 deducunt
1679 2515 1694 2551 ε

668 2594 808 2630 unus
824 2617 841 2643 ,
886 2578 981 2649 qui
1002 2576 1177 2631 facem
1202 2577 1421 2649 profert
1450 2598 1518 2631 ex
1543 2578 1696 2649 spina

664 2656 785 2709 alba
804 2694 823 2721 ,
855 2657 981 2729 quia
1015 2669 1181 2709 noctu
1216 2658 1495 2713 nubebant
1539 2678 1554 2710 z
1584 2656 1698 2713 duo

667 2734 763 2805 qui
803 2748 986 2790 tenent
1032 2737 1345 2790 nubentem.
1377 2763 1400 2784 n
1435 2734 1569 2791 Ideo
1598 2757 1694 2792 au-

668 2826 776 2868 tem
818 2816 970 2887 spina
1013 2816 1133 2869 alba
1184 2815 1427 2871 adhibita
1468 2856 1485 2883 ,
1549 2816 1694 2886 quod

668 2894 873 2966 pollere
902 2914 963 2949 ea
992 2895 1289 2965 plurimum
1316 2896 1372 2948 in
1394 2896 1698 2951 avertendis

667 2974 822 3028 malis
849 2974 1005 3029 noxis
1042 2973 1375 3041 crederetur,
1416 2989 1550 3031 teste
1585 2978 1696 3031 Na·

666 3072 797 3107 sone
811 3093 828 3121 ,
852 3054 989 3109 Fast.
1004 3055 1098 3110 lib.
1118 3054 1227 3107 vl:
1245 3078 1268 3099 ι
1289 3057 1378 3109 Sic
1400 3056 1567 3122 fatus,
1588 3059 1694 3130 spi-

668 3152 793 3187 nam
833 3154 939 3207 qua
975 3135 1149 3189 tristes
1184 3135 1382 3207 pellere
1426 3152 1606 3208 posset
1640 3138 1695 3192 A

668 3212 875 3268 foribus
900 3233 1063 3269 noxas
1080 3254 1097 3281 ,
1136 3215 1253 3269 buc
1279 3228 1393 3271 erat
1426 3217 1547 3271 alba
1565 3258 1581 3283 ‚
1603 3216 1696 3273 de·

664 3292 766 3349 dit.
797 3322 819 3343 ι
854 3294 923 3348 Et
948 3314 1075 3349 mox
1099 3312 1114 3347 ε
1150 3322 1173 3343 ι
1194 3296 1468 3369 virgaque
1491 3298 1696 3353 Janalis

663 3370 731 3428 de
756 3376 908 3448 spina
931 3376 1161 3429 sumitur
1173 3376 1321 3441 alba,
1340 3391 1443 3430 etc.
1465 3404 1493 3424 ι-
1517 3378 1696 3433 Varro

662 3452 895 3527 denique
912 3457 969 3509 in
990 3456 1143 3509 AEtiis
1157 3490 1173 3519 ,
1195 3455 1342 3528 apud
1364 3458 1666 3513 Charisium
1679 3498 1694 3525 ,

661 3533 761 3587 lib.
793 3536 852 3598 1,
898 3554 1021 3608 pag.
1068 3554 1221 3607 117:
1258 3562 1281 3585 α
1306 3537 1417 3591 Fax
1445 3555 1512 3590 ex
1541 3540 1696 3610 spina

664 3616 785 3668 alba
814 3616 1129 3688 praefertur,
1174 3614 1321 3693 quod
1362 3618 1695 3689 purgationis

662 3712 817 3747 causa
842 3693 1145 3749 adhibetur.
1170 3720 1196 3741 ι
1220 3696 1361 3749 Η.-
1382 3696 1570 3767 Spina,
1589 3712 1690 3753 etc.

662 3772 874 3845 Nempe
922 3773 1182 3845 Cratoegus
1224 3778 1536 3850 oxyucamha
1557 3819 1574 3841 ,
1622 3777 1692 3832 de

663 3872 768 3923 qua
789 3856 899 3925 jam
928 3872 1044 3925 sup.
1064 3854 1265 3909 dictum
1296 3869 1392 3910 est.
1421 3856 1527 3910 En.

562 3990 569 3997 .
746 3951 768 3985 1
784 3952 837 4001 9.
866 3932 1091 4005 Cotyla-t.
1118 3936 1202 3987 De
1225 3936 1411 4008 corylo
1432 3936 1688 4003 diximus,

660 4012 756 4065 lib.
786 4014 906 4075 XV,
941 4031 1058 4085 cap.
1092 4021 1186 4078 24.

738 4092 941 4147 xxxl.
978 4110 1027 4147 1.
1056 4088 1353 4151 Labumum.
1380 4128 1461 4141 —-·
1492 4097 1688 4170 Cytisa-5

1508 1441 1784 1539 ligustra
1838 1444 2101 1515 tesseris
2163 1428 2566 1513 utilissima‘l
2630 1444 2773 1511 Item

1777 1618 2059 1671 ωηο-πω
2087 1607 2400 1689 (ΠὰιόσὶρΙι.
2439 1616 2638 1671 &eand-
2673 1634 2771 1687 gen.

1785 1715 1924 1769 17²¹
1951 1738 1969 1765 ,
1998 1697 2148 1751 Pers.
2183 1698 2438 1769 laetania.
2461 1694 2651 1759 ἔω).
2685 1696 2770 1749 En.

1777 1780 1860 1833 De
1893 1796 1964 1832 eo
2001 1778 2160 1849 plura
2197 1776 2439 1833 dicemus
2469 1778 2564 1831 tib.
2605 1776 2766 1841 xvn,

1777 1878 1897 1932 cap.
1930 1858 2022 1913 35.
2053 1856 2236 1909 Hann.

1862 1958 1916 1993 2.
1943 1938 2080 1991 Iovis
2105 1936 2258 1991 barba
2277 1977 2294 2001 ,
2321 1951 2424 1991 ete.
2451 1934 2696 1991 Nondum
2725 1934 2773 1987 in

1778 2019 1911 2073 certi
1929 2018 2166 2073 nominis
2184 2018 2374 2089 gallica
2392 2017 2574 2089 lingua
2597 2033 2774 2089 posses-

1777 2098 1986 2153 sionem
2014 2098 2176 2152 venit.
2209 2098 2276 2151 In
2292 2097 2604 2153 Bata-mai
2619 2094 2775 2151 enni·

1777 2197 1907 2251 agro
1937 2178 2223 2250 frequens,
2251 2178 2435 2233 Dalec.
2461 2189 2628 2233 teste:
2651 2188 2700 2229 et
2725 2174 2772 2227 iu

1775 2258 1929 2312 Italia
1948 2261 2099 2331 juxta
2116 2258 2434 2325 Livor-nam,
2452 2258 2526 2311 ita
2545 2254 2775 2329 prodente

1777 2338 2112 2411 Anguillsra.
2139 2338 2210 2393 H.
2240 2368 2321 2383 -
2345 2338 2602 2401 Anthylla
2643 2334 2772 2389 burh

1776 2418 1912 2473 Joois
1936 2413 2235 2490 (Diade-401⁸.
2258 2418 2464 2473 decand.
2487 2436 2605 2490 geu.
2635 2416 2774 2483 169⁵,

1777 2499 1924 2553 Pers.
1955 2500 2156 2569 Legum.
2179 2494 2375 2564 susm).
2401 2498 2507 2551 En.

1860 2577 1916 2633 3.
1955 2576 2154 2632 Sallus.
2201 2580 2294 2631 Loe
2333 2579 2514 2632 saules.
2561 2576 2685 2631 Cato
2719 2572 2775 2626 de

1778 2660 1844 2713 R.
1887 2660 2218 2731 R.cap..1x,
2252 2677 2376 2731 pag.
2420 2666 2492 2725 14
2520 2676 2536 2710 ε
2567 2678 2589 2701 ι
2613 2656 2776 2709 Salicta

1776 2740 1909 2793 locis
1929 2738 2168 2811 aquosis,
2205 2738 2504 2805 humectis,
2541 2734 2774 2791 umbrosis

1775 2832 2000 2891 propter
2027 2836 2210 2873 amnes
2251 2818 2331 2872 ihi
2369 2819 2478 2873 seri
2505 2828 2720 2889 oportet.
2745 2838 2766 2860 ι

1778 2900 1931 2970 virg.
1951 2899 2146 2970 Geor-g.
2169 2898 2266 2952 lib.
2285 2898 2340 2951 11
2353 2936 2372 2963 ,
2392 2918 2448 2953 v.
2465 2916 2489 2951 1
2503 2915 2598 2951 xo:
2629 2923 2652 2945 ι
2670 2896 2774 2949 nu·

1778 2980 2014 3033 minibus
2031 2979 2214 3035 salices
2227 3019 2248 3045 ,
2277 2979 2574 3051 crassisque
2601 2973 2777 3049 paludi-

1775 3060 1878 3113 bus
1900 3060 2010 3113 alni
2039 3060 2362 3114 Nascuntur.
2381 3086 2410 3107 a·
2433 3055 2616 3109 Hum-

1861 3146 1916 3203 ⁴·
1968 3138 2112 3193 Siler.
2168 3139 2442 3193 Frutieem
2509 3150 2660 3191 vocat
2694 3134 2772 3187 lib.

1775 3220 2000 3287 XXIV,
2041 3238 2160 3291 cap.
2195 3225 2304 3283 44,
2349 3237 2417 3272 ex
2444 3236 2558 3291 quo
2585 3212 2774 3270 baculos

1774 3300 1964 3353 rustici
2009 3299 2304 3353 conficiunt
2327 3338 2346 3365 ,
2405 3298 2479 3352 ad
2535 3306 2775 3368 serpentes

1775 3376 2056 3450 fugandos.
2077 3380 2385 3451 Anguillara
2403 3376 2774 3433 lausonam-e

1775 3460 1992 3513 salicem
2055 3471 2209 3531 putat
2235 3498 2253 3526 ,
2309 3460 2464 3529 cujus
2505 3476 2538 3511 e
2587 3457 2773 3515 dnae,

1775 3540 1983 3593 sulfure
1996 3552 2051 3591 et
2067 3540 2386 3611 aphronitro
2402 3536 2607 3603 mixtis,
2621 3532 2774 3608 pulvis

1775 3618 2010 3672 efficitur
2029 3618 2368 3673 excutiendis
2389 3614 2664 3672 tormentis
2684 3612 2774 3667 het-

1773 3698 1907 3753 licis.
1935 3696 2040 3753 Sed
2067 3700 2245 3754 verius
2267 3698 2518 3754 fruticem
2557 3698 2772 3768 ignotum

1779 3796 1979 3833 remur.
2029 3775 2218 3831 Ηιιιι).
2259 3810 2341 3823 --
2381 3777 2526 3832 Sacis
2571 3792 2771 3846 σφι-ια,

1779 3859 2093 3931 Sprengelio
2117 3872 2264 3913 teste.
2295 3860 2401 3913 En.

1863 3940 1914 3993 5.
1991 3941 2224 4011 Ligusco-a
2283 3941 2469 3991 tesseris
2523 3936 2766 3990 nimaina.

1779 4018 2077 4074 Alexander
2101 4020 2170 4073 ab
2193 4017 2502 4073 Alexandro
2517 4055 2536 4081 ,
2551 4015 2640 4069 lib.
2663 4012 2735 4065 111
2749 4047 2764 4071 9

1778 4117 1896 4172 cap.
1917 4120 1944 4154 a
1960 4118 1981 4153 ι
2001 4138 2019 4167 ,
2043 4112 2260 4155 tesseras
2280 4098 2368 4153 his
2391 4096 2612 4153 lusorias
2627 4094 2766 4149 imer-
