2984 5009
625 485 724 573 48
1157 487 1234 553 c.
1289 484 1637 554 PLINH
1691 488 1903 555 NAT.
1966 488 2229 556 Hls‘r.

621 638 982 711 congressu
1029 613 1424 685 feminarum
1443 670 1464 706 ,
1505 616 1981 712 sanet-umque,
2015 641 2224 712 quum
2250 617 2544 688 incidant
2563 617 2611 645 ¹²
2650 644 2769 689 eas

625 723 932 808 arboreS‚
952 732 1072 790 aut·
1100 736 1390 811 metant,
1436 722 1647 819 pollui
1699 752 1716 794 ε
1772 738 1974 819 atque
2005 725 2101 793 ita
2142 723 2467 819 religione
2504 751 2771 797 merces

621 830 872 924 augeri.
907 827 1197 917 Quidam
1239 832 1695 923 promiscuum
1725 830 1834 925 jus
1878 832 1956 900 iis
1999 830 2264 926 populis
2308 856 2449 901 esse
2484 831 2773 901 tradunt

621 937 690 1005 in
721 934 899 1005 silvis
944 958 959 1001 τ
1009 934 1116 1004 alii
1150 960 1271 1030 per
1311 938 1491 1007 vices
1528 957 1855 1006 annorum
1899 936 2121 1007 dividi.

727 1044 1151 1111 xxxl.Nec
1175 1043 1433 1114 arboris
1467 1044 1672 1139 ipsius
1708 1069 1855 1138 quoe
1892 1045 1978 1113 sit
2004 1042 2273 1131 faeies¹‚
2310 1057 2590 1113 constat.
2626 1046 2772 1113 Res

623 1150 693 1218 in
729 1146 976 1218 Aiabia
1013 1151 1370 1244 gessimus,
1413 1164 1481 1219 et
1535 1174 1812 1221 romana
1865 1174 2054 1219 arma
2112 1151 2182 1219 in
2243 1174 2559 1247 magnam
2607 1175 2769 1246 par-

623 1271 758 1325 tem
799 1255 940 1350 ejus
978 1270 1432 1350 penetravere.
1478 1259 1681 1328 Caius
1725 1257 1924 1326 etiam
1959 1254 2227 1327 Caesar²
2262 1258 2545 1351 Augusti
2586 1256 2773 1326 filius

627 1362 779 1431 inde
819 1361 1097 1457 gloriam
1137 1364 1365 1455 petiit,
1408 1388 1533 1433 nee
1574 1379 1801 1433 tamen
1855 1364 1941 1432 ab
2002 1363 2137 1433 ullo
2181 1352 2211 1456 (
2240 1364 2421 1458 quod
2455 1362 2772 1457 equidem

625 1460 874 1555 seiam)
908 1469 1148 1537 Latino
1176 1469 1492 1539 arborum
1524 1494 1755 1540 earum
1770 1457 2072 1541 ³tradita
2110 1484 2211 1539 est
2242 1470 2460 1540 facies.
2494 1473 2773 1539 Graeeo·

623 1600 776 1644 rum
821 1572 1126 1668 exempla
1162 1578 1441 1645 variant.
1484 1575 1609 1644 Alii
1649 1576 1809 1646 folio
1862 1564 2075 1671 piri⁴,
2118 1578 2375 1645 minore
2418 1576 2777 1645 dumtaxat

625 1694 696 1749 et
715 1679 975 1749 herbidi
1006 1680 1246 1750 coloris
1275 1670 1689 1777 prodidere⁵.
1719 1682 1849 1753 Alii
1876 1683 2150 1753 lentisco
2178 1668 2495 1752 similem⁶
2532 1682 2779 1753 subru-

625 1783 761 1856 tilo.
799 1785 1095 1875 Quidam
1128 1788 1613 1860 terebinthum⁷
1663 1814 1841 1879 esse,
1884 1804 1952 1860 et
1986 1790 2119 1859 hoe
2163 1791 2379 1859 visum
2429 1790 2777 1883 Antigono

631 1894 773 1988 regi
807 1891 1007 1963 allato
1043 1879 1306 1963 frutiee.
1344 1882 1556 1963 Juba⁸
1578 1922 1697 1966 rex
1718 1898 1795 1965 iis
1828 1894 2307 1983 voluminibus,
2331 1920 2479 1991 quae
2502 1897 2779 1991 scripsit

629 1998 714 2067 ad
756 2001 836 2069 C.
883 2001 1212 2069 Caesarem
1249 2001 1534 2097 Augusti
1577 2002 1791 2072 filium
1840 2003 2182 2071 ardentem
2242 2002 2420 2071 fama
2469 2002 2779 2088 Arabim,

628 2104 832 2175 tradit
863 2108 1158 2175 contorti
1175 2132 1315 2177 esse
1341 2107 1634 2178 caudicis
1645 2108 1695 2198 ⁹,
1721 2111 1921 2178 ramis
1938 2111 2147 2178 aceris
2164 2110 2454 2178 maxime
2478 2108 2780 2195 Pontici,

629 2220 903 2281 suecum
935 2212 1298 2308 amygdalae
1337 2214 1542 2284 modo
1582 2217 1883 2284 emittere
1917 2241 1933 2281 ε
1972 2213 2265 2310 talesque
2304 2217 2372 2284 in
2414 2215 2781 2284 Carmania

629 2340 987 2414 apparere,
1023 2321 1180 2388 etin
1197 2322 1484 2414 AEgypto
1506 2335 1681 2389 satas
1710 2319 1928 2390 studio
1950 2320 2461 2389 Ptolemaeorum
2493 2343 2781 2415 regnan-

712 2540 801 2575 12.
827 2522 1069 2574 Incidunt.
1088 2561 1102 2574 .
1121 2560 1134 2573 .
1152 2532 1348 2573 metant.
1373 2522 1553 2575 Dalec.
1575 2526 1651 2574 in-
1825 2522 1876 2576 5.
1909 2523 2195 2577 prodidere.
2221 2524 2421 2595 Vulgg.
2451 2535 2571 2576 ante
2597 2520 2777 2576 Han-d.

627 2602 841 2654 ridant..
857 2640 871 2652 .
887 2612 1082 2652 metunt.
1103 2598 1258 2653 Idem
1279 2618 1434 2667 mox,
1455 2601 1651 2671 rela'gio-
1734 2604 1952 2671 prodire.
1978 2603 2084 2655 Eo.

628 2700 732 2734 nem
759 2684 941 2731 mercis.
971 2682 1074 2733 En.
1209 2688 1220 2702 ³
1736 2684 1743 2692 '
1824 2684 1877 2734 6.
1895 2683 2010 2734 Alii
2024 2682 2219 2733 lentisco
2232 2682 2447 2733 similem.
2473 2682 2544 2733 Et
2566 2681 2785 2735 arboris

710 2760 914 2812 XXXI.
947 2778 998 2813 1.
1031 2760 1137 2814 Nec
1159 2758 1345 2811 arboris
1373 2762 1520 2831 {osius
1546 2780 1655 2833 quoe
1742 2762 1917 2832 specie
1936 2798 1953 2824 ‚
1994 2773 2048 2813 et
2088 2760 2205 2832 ipso
2248 2761 2454 2825 fructu,
2503 2759 2596 2814 sed
2636 2761 2780 2814 folio

630 2842 698 2892 sit
709 2840 900 2905 facies,
931 2848 1034 2892 etc.
1073 2840 1535 2893 commerciorum
1578 2840 1655 2893 fa·
1742 2842 2017 2893 subrutiIO.
2044 2841 2323 2910 Theophr.
2362 2838 2494 2893 ibid.
2540 2838 2688 2912 quod
2719 2854 2781 2894 et

631 2920 828 2973 uilitate
860 2932 914 2971 et
955 2918 1475 2990 peregrinationibus
1505 2938 1654 2973 nune
1744 2920 1960 2973 Garoias
1988 2920 2211 2991 probat,
2238 2918 2425 2973 Arom.
2456 2922 2513 2987 1,
2553 2924 2608 2974 6.
2632 2920 2703 2972 H.

631 2999 791 3051 nobis
815 2999 1084 3051 notissima
1109 2999 1281 3051 thuris
1307 2999 1482 3051 facies.
1502 2999 1654 3053 Thus
1825 3020 1878 3069 7.
1914 3000 2129 3069 Quidam
2168 3000 2481 3051 terebinthum
2525 3021 2644 3053 esse.
2682 3000 2783 3053 Sic

631 3090 810 3132 autem
868 3095 980 3131 non
1045 3078 1140 3131 uni
1203 3096 1511 3131 concessum
1577 3092 1655 3132 est
1741 3080 2019 3151 Theophr.
2041 3079 2141 3132 loe.
2163 3079 2253 3133 eit.
2281 3080 2406 3132 Fuit
2435 3080 2739 3151 Antigonus
2756 3122 2775 3145 ,

635 3156 865 3210 Arabim.
917 3157 1044 3210 Pars
1096 3158 1324 3211 maxima
1363 3169 1418 3210 et
1461 3157 1654 3211 melior
1742 3158 1813 3212 de
1827 3178 1935 3232 quo
1958 3158 2048 3211 hic
2066 3176 2267 3222 serm0,
2290 3158 2623 3212 Macedoniae
2644 3178 2741 3212 rex
2758 3197 2779 3222 ,

633 3235 918 3290 advehitur
939 3255 969 3289 e
986 3256 1154 3309 regno
1175 3235 1310 3289 Siam
1324 3277 1340 3301 ‚
1365 3236 1654 3309 insulisque
1743 3238 2002 3292 Demetrii
2024 3238 2334 3292 Poliorcetoe
2356 3238 2517 3291 filius.
2538 3238 2783 3293 H.—De

635 3316 896 3381 Sumatra,
922 3317 1068 3381 Java,
1097 3328 1200 3370 etc.
1233 3316 1365 3369 Vid.
1402 3317 1483 3369 Cl.
1515 3318 1654 3370 Nur-
1743 3320 1933 3372 arbore
1945 3318 2202 3371 thurifera
2216 3314 2497 3381 (Boswellia
2515 3315 2781 3385 thurifera)

636 3414 819 3461 nunu,
849 3397 1156 3468 Description
1177 3396 1236 3448 de
1252 3396 1509 3461 I'Arabie,
1532 3415 1653 3469 pag.
1744 3398 1857 3452 vid.
1872 3397 2154 3451 Exc.V111
2178 3397 2243 3450 ad
2272 3400 2398 3452 calc.
2427 3398 2541 3468 huj.
2564 3397 2715 3450 libri.

633 3480 774 3541 126.
808 3477 976 3529 Bnorr.
1830 3482 1882 3533 8.
1925 3478 2058 3530 Juba
2098 3497 2211 3543 rex,
2250 3491 2349 3532 etc.
2398 3478 2633 3545 Plinius,
2672 3477 2781 3534 lib.

723 3576 775 3609 2.
802 3557 952 3609 Caius
983 3560 1126 3609 etiam
1161 3554 1346 3609 Coesar.
1377 3554 1509 3610 vid.
1538 3574 1659 3628 que
1748 3558 1862 3622 vl,
1892 3576 2008 3629 cap.
2046 3559 2146 3623 31;
2173 3570 2226 3611 et
2252 3576 2353 3611 nos
2384 3558 2447 3611 in
2470 3558 2784 3613 Auctorum

638 3634 874 3689 diximus
893 3636 987 3689 lib.
1014 3637 1096 3688 vl
1115 3676 1131 3701 ,
1163 3655 1280 3708 cap.
1316 3636 1404 3689 32.
1432 3637 1617 3690 Hum.
1748 3636 1952 3691 Indice.
1975 3637 2159 3689 Ham).

723 3715 776 3766 3.
817 3716 1026 3769 Earum.
1067 3715 1153 3769 Sic
1193 3717 1371 3771 Elzev.
1399 3728 1452 3769 et
1491 3714 1660 3769 Hard.
1830 3737 1884 3787 9.
1914 3717 2139 3770 Contorti
2154 3736 2253 3767 esse
2272 3716 2498 3769 caudicis.
2525 3716 2785 3773 Solinus:

639 3792 958 3864 suffragante
1001 3794 1313 3862 Chiffleti03
1371 3796 1550 3849 Doleo.
1607 3808 1662 3848 et
1752 3796 1985 3849 «intorto
2005 3795 2233 3848 vimine:
2258 3822 2281 3843 ι
2302 3797 2457 3850 male.
2474 3796 2609 3849 Nam
2628 3798 2785 3851 aliud

639 3872 876 3925 Gronov.
898 3878 1072 3935 etiarm
1093 3876 1261 3941 male;
1285 3885 1340 3927 et
1359 3894 1492 3929 mox
1516 3874 1661 3928 idem
1750 3876 1929 3927 vimen
1948 3916 1963 3938 ,
2004 3875 2149 3928 aliud
2188 3875 2393 3929 caudex
2426 3888 2518 3929 est.
2552 3877 2785 3931 Vimina

640 3951 819 4004 Daleo.
857 3954 1162 4025 exemplaria.
1193 3956 1295 4008 En.
1383 3962 1390 3967 '
1748 3968 1873 4007 sunt
1917 3955 2076 4027 virga
2120 3955 2322 4023 thuris,
2374 3973 2505 4027 quas
2548 3958 2785 4010 minime

721 4039 774 4095 4.
801 4034 1054 4101 Aliifolio
1070 4037 1188 4104 piri.
1225 4034 1657 4107 Theophrastum
1746 4036 1968 4088 intortas
1994 4054 2133 4102 esse,
2156 4033 2248 4088 sed
2269 4048 2489 4102 teretes,
2506 4054 2569 4089 ex
2596 4037 2783 4090 Plinio

636 4111 808 4182 signat
828 4112 932 4167 loc.
965 4132 1089 4185 sup.
1113 4115 1205 4167 cit.
1235 4114 1416 4167 Hun.
1750 4134 1872 4167 mox
1902 4114 2144 4185 liquebit.
2168 4116 2347 4168 num.
