2984 5009
587 458 673 528 16

1133 458 1211 527 C.
1261 404 1597 529 PLIN'II
1645 458 1861 526 NAT.
1908 460 2165 528 HIST.

578 588 764 660 rens'
786 642 806 680 ,
843 591 1042 659 vastis
1067 588 1465 661 diffunditur
1496 590 1695 659 ramis
1735 618 1751 659 ε
1792 614 2077 685 quorum
2126 590 2239 659 imi
2279 590 2445 661 adeo
2490 593 2559 661 in
2592 609 2717 664 ter-

577 722 733 766 ram.
769 710 1177 783 curvantur,
1213 710 1292 764 ut
1333 720 1558 765 annuo
1600 697 1813 791 spatio
1865 696 2226 791 infigantur
2254 747 2275 782 ‚
2338 722 2713 795 novamque

578 803 700 872 sibi
749 804 1186 897 propaginem
1222 801 1470 871 faciant
1512 803 1690 871 circa
1728 817 2071 897 parentem
2114 804 2184 871 in
2226 803 2455 873 orbem
2483 858 2502 890 ,
2556 802 2723 899 quo-⁴

573 909 728 979 darn
761 933 964 1003 opere
1002 909 1304 1003 topiario.
1346 912 1537 977 Intra
1572 933 1795 1004 sepem
1832 933 1979 977 eam
2017 910 2319 978 aestivant
2367 925 2663 1004 pastores
2690 962 2711 995 ,

572 1021 853 1110 opaca'm
896 1017 1146 1109 pariter
1189 1029 1258 1083 et
1299 1017 1620 1084 munitam
1665 1014 1841 1084 vallo
1880 1014 2134 1084 arboris
2152 1069 2169 1100 ‚
2212 1014 2455 1085 decora
2492 1019 2713 1111 specie

505 1142 534 1177 ²
573 1122 802 1190 subter
850 1123 1166 1207 intuenti,
1216 1120 1572 1216 proculve,
1623 1121 1951 1191 fornicato
2004 1121 2279 1189 ambitu.
2325 1124 2712 1217 Superiores
2802 1160 2809 1169 ·

569 1226 865 1321 ejusdem
898 1228 1064 1297 rami
1102 1228 1172 1297 in
1217 1226 1550 1297 excelsum
1594 1229 1909 1315 emicant,
1966 1224 2205 1297 silvosa
2254 1226 2672 1299 multitudine
2692 1282 2714 1310 ‚

569 1348 758 1403 vasto
801 1335 1032 1403 matris
1069 1319 1407 1427 corpore³‚
1449 1349 1527 1403 ut
1570 1359 1662 1404 Lx
1700 1320 1965 1430 passus⁴
1996 1331 2295 1437 plerique
2336 1335 2499 1403 orbe
2536 1334 2715 1406 colli-

566 1570 664 1620 κῳ,
689 1546 1036 1603 similitudine
1067 1547 1176 1602 fici.
1203 1548 1384 1601 Hsnn.
1399 1580 1480 1591 —
1498 1546 1591 1601 Fi-

565 1648 649 1683 cus
695 1629 793 1693 ibi,
836 1641 935 1682 etc.
975 1628 1125 1680 Ficus
1159 1628 1388 1698 religiosa
1427 1628 1589 1681 Linn.

567 1698 746 1777 (Dioec.
759 1708 940 1760 mand.
955 1726 1077 1779 gen.
1094 1727 1123 1760 ι
1138 1726 1160 1761 1
1171 1727 1203 1778 9
1214 1708 1268 1772 3,
1284 1708 1425 1761 Pers.
1436 1708 1593 1761 Ureic.

563 1788 598 1839 J
601 1778 730 1854 uss)
756 1788 956 1840 Totum
987 1787 1131 1841 hunc
1173 1788 1352 1841 locum
1399 1786 1596 1841 Noster

564 1880 840 1920 mutuatus
855 1880 947 1920 ·est
984 1885 1015 1919 n
1053 1866 1426 1939 Theophrasto
1441 1904 1457 1931 ,
1498 1866 1593 1937 qui

563 1948 806 2000 omnium
821 1944 1220 2016 diligentissime
1237 1948 1482 1999 arborem
1502 1942 1597 1997 de-

561 2027 773 2097 scripsit
795 2044 811 2079 :
845 2026 930 2079 his
953 2025 1066 2077 fere
1089 2024 1284 2079 similis
1304 2043 1394 2097 ap.
1415 2026 1591 2079 Strab.

563 2105 870 2177 Geogrnph.
915 2105 1116 2157 lib.V:
1169 2130 1192 2153 ι
1217 2103 1370 2157 India
1401 2104 1595 2159 multas

562 2184 782 2256 quidem
807 2183 1144 2238 admirabiles
1165 2184 1272 2237 fert
1293 2185 1533 2246 arbores,
1564 2202 1595 2237 e

563 2265 762 2336 quibus
787 2277 898 2329 est,
928 2266 1078 2333 cujus
1115 2264 1252 2318 rami
1284 2261 1351 2315 sd
1393 2276 1592 2316 terram

565 2341 941 2417 propendent,
975 2343 1118 2396 foliis
1147 2361 1258 2397 non
1295 2342 1595 2395 minoribus

564 2425 773 2495 clypeo.
791 2422 1119 2476 Onesicritus
1135 2420 1396 2474 curiosius
1408 2438 1466 2472 ea
1477 2438 1595 2489 per-

565 2522 788 2575 sequens
805 2540 820 2566 ,
863 2520 982 2573 quo
1031 2513 1152 2553 sunt
1191 2500 1249 2551 in
1289 2498 1591 2565 Musicsns,

565 2596 710 2636 terra
756 2580 928 2634 India
975 2578 1347 2633 australissimn
1362 2617 1378 2644 ,
1433 2578 1597 2632 refert

563 2664 780 2715 arbores
799 2656 1052 2731 quasdam
1081 2659 1320 2727 ingentes
1344 2676 1452 2710 esse
1467 2676 1597 2729 qua·

563 2759 688 2793 rum
715 2740 882 2804 rami,
907 2756 1076 2811 quum
1102 2734 1172 2789 ad
1197 2735 1474 2790 duodenos
1500 2754 1593 2789 cu·

563 2820 706 2872 bitos
731 2818 1084 2878 excreverint,
1127 2817 1396 2888 reliquum
1419 2817 1593 2869 incre-

563 2911 802 2952 mentum
854 2914 1084 2968 pronum
1131 2897 1324 2949 faciunt
1342 2935 1358 2961 ,
1399 2893 1593 2949 deflexi

565 2995 849 3049 quousque
863 2990 1058 3030 terram
1076 2976 1418 3047 contingnutg
1445 2973 1594 3029 dein·

563 3057 634 3111 de
651 3070 850 3111 terram
867 3058 1088 3109 subeant
1103 3074 1168 3109 ac
1185 3054 1394 3109 radices
1411 3066 1589 3125 agant,

557 3136 732 3195 ‚veluti
777 3134 1022 3189 traduces
1045 3152 1063 3201 ς
1107 3152 1234 3187 mox
1273 3152 1456 3188 rursus
1500 3153 1591 3187 ex·

563 3229 686 3270 eant
734 3216 791 3268 iu
839 3228 1090 3267 truncum
1105 3254 1121 3279 ,
1153 3233 1264 3286 quo
1308 3227 1591 3285 postquam

562 3296 702 3350 aucti
723 3294 952 3360 fuerint,
975 3292 1162 3346 eodem
1191 3292 1354 3347 modo
1377 3293 1592 3346 flectan-

563 3386 672 3440 tur,
691 3386 744 3428 et
770 3373 926 3427 aliam
957 3372 1301 3444 propaginem
1327 3373 1589 3441 efficiant,

560 3472 848 3526 rursusque
877 3454 1034 3509 aliam
1051 3491 1067 3517 ,
1091 3465 1152 3505 ut
1173 3452 1242 3505 ab
1267 3471 1370 3505 una
1395 3453 1589 3505 arbore

559 3536 780 3607 longum
807 3528 1196 3587 'umbraculum
1238 3533 1358 3599 fiat,
1409 3534 1589 3585 tuber-

557 3615 752 3669 naculo
801 3614 984 3667 inultis
1027 3612 1291 3667 columnis
1339 3612 1588 3665 innitenti

557 3694 748 3747 simile.
780 3718 802 3738 ι
836 3693 1022 3747 Ficum
1051 3690 1286 3746 indicam
1310 3692 1437 3744 licet
1457 3692 1581 3744 obs-

557 3773 760 3827 curiori
785 3770 948 3825 modo
965 3810 980 3837 ,
1006 3771 1134 3824 item
1159 3771 1476 3842 significasse
1502 3772 1581 3825 vi·

555 3852 716 3905 detur
741 3851 955 3905 Curtius
971 3851 1067 3903 lib.
1089 3851 1169 3903 lx
1185 3889 1201 3915 ,
1219 3868 1267 3905 c.
1295 3869 1352 3903 1:
1391 3878 1415 3899 ι
1435 3851 1577 3905 Hinc

555 3934 700 3986 Poro
713 3948 972 4002 amneque
997 3922 1292 4001 (Hydaspe)
1309 3945 1575 4003 superato,

553 4012 622 4065 ad
638 4009 896 4065 interiora
916 4007 1086 4063 India
1111 4011 1406 4081 processit-⁴
1423 4010 1579 4067 Silva

492 4117 495 4120 ·
553 4105 705 4145 erant
725 4108 896 4163 prope
921 4090 976 4143 in
1003 4090 1320 4143 immensum
1351 4091 1581 4162 spatium

1684 1547 1895 1605 diffusae
1916 1586 1935 1613 ‚
1989 1548 2332 1621 procerisque
2384 1560 2439 1602 et
2489 1549 2547 1603 in
2599 1552 2710 1604 exi-

1680 1630 1847 1683 miam
1884 1627 2221 1682 altitudinem
2252 1628 2407 1682 editis
2432 1630 2713 1685 arboribus

1681 1708 1948 1761 umbrosa
1976 1728 1989 1759 ε
2041 1708 2285 1780 plerique
2336 1709 2501 1774 rami,
2544 1710 2711 1763 instar

1679 1788 1979 1859 ingentium
2022 1787 2303 1860 stipitum,
2342 1787 2463 1841 flexi
2502 1788 2561 1841 in
2601 1790 2711 1843 hu-

1678 1885 1827 1920 mum
1844 1904 1861 1932 ,
1878 1886 2087 1931 rursus,
2110 1886 2215 1939 qua
2250 1886 2304 1920 se
2330 1883 2709 1935 curvaverunt,

1679 1948 2018 2017 erigebantur
2039 1945 2173 2000 adeo
2214 1943 2350 2009 (scil.
2378 1968 2439 1998 ex
2471 1966 2593 1999 nova
2618 1969 2705 2001 ra—

1678 2018 1807 2092 dice)
1821 2065 1837 2091 ‚
1866 2040 1925 2079 ut
1950 2027 2149 2097 species
2174 2040 2309 2080 esset
2336 2046 2445 2079 uon
2472 2027 2605 2081 rami
2624 2047 2711 2081 re-

1679 2107 1959 2177 surgentis,
1984 2105 2078 2159 sed
2100 2106 2304 2158 arboris
2326 2125 2392 2159 ex
2416 2125 2511 2160 suu
2526 2104 2709 2160 radice

1679 2198 1956 2255 generata.
1973 2210 1995 2231 ι
2018 2182 2147 2237 vid.
2167 2185 2320 2239 Curt.
2343 2186 2423 2238 IX
2439 2220 2455 2242 .
2484 2202 2534 2251 1,
2554 2199 2593 2239 t.
2620 2186 2709 2253 11,

1678 2282 1799 2334 pag.
1826 2283 1937 2335 ²77
1966 2276 2021 2317 et
2046 2265 2156 2333 ²78
2182 2263 2307 2318 edit.
2330 2278 2545 2319 nostrie.
2579 2264 2683 2319 En.

1764 2362 1816 2395 τι.
1844 2345 1961 2412 Ipsa
1982 2362 2033 2393 se
2054 2362 2234 2413 semper
2247 2363 2434 2407 serens,
2454 2356 2551 2397 ete.
2570 2344 2707 2409 Quae

1677 2420 1781 2473 boc
1838 2420 2012 2492 cupite
2054 2422 2425 2485 continentur,
2479 2422 2705 2477 totidem

1678 2500 1856 2553 verbis
1878 2512 2085 2560 exstant
2106 2500 2251 2572 apud
2264 2502 2615 2573 Theophrast.
2642 2500 2699 2565 lg

1687 2596 1709 2631 1
1726 2598 1753 2632 s
1774 2599 1791 2645 3
1824 2580 2053 2632 maxime
2075 2598 2203 2633 vero
2224 2582 2326 2647 lv,
2348 2588 2399 2635 5.
2418 2582 2598 2635 Hsnn.
2620 2614 2705 2627 --

1676 2658 1863 2729 Margo
1892 2660 2104 2711 Vax-ior.
2146 2678 2293 2729 poma
2322 2680 2504 2731 semper
2528 2663 2703 2727 smne

1676 2741 1832 2789 vastis
1844 2738 2095 2805 diffundit.
2116 2758 2236 2791 ram.
2264 2758 2460 2811 quorum
2479 2742 2699 2811 pondem

1677 2817 1817 2881 adeo,
1846 2830 1945 2870 etc.
1976 2818 2081 2871 En.

1758 2897 1811 2951 3.
1844 2895 2025 2949 Matris
2048 2916 2259 2969 corpore.
2288 2896 2507 2971 Stirpis,
2538 2912 2700 2953 trun-

1676 2976 1811 3029 cive.
1830 2976 1915 3029 Sic
1929 2977 2079 3047 Virg.
2104 2978 2298 3049 Georg.
2320 2980 2393 3045 11,
2424 2978 2492 3031 23
2516 2998 2531 3035 z
2556 3008 2577 3027 ι
2594 2979 2699 3033 Hie

1674 3056 1880 3127 plantas
1918 3070 2103 3109 tenero
2150 3056 2426 3111 abscidens
2468 3058 2537 3113 de
2576 3078 2699 3113 cor-

1674 3154 1807 3207 pore
1832 3149 2061 3188 matrum
2099 3138 2355 3209 Deposuit
2384 3138 2570 3205 sulcis;
2607 3138 2700 3193 hic

1674 3216 1861 3286 stirpes
1883 3216 2089 3279 obruit,
2112 3228 2211 3270 etc.
2238 3242 2262 3263 n
2294 3216 2475 3271 Huni.

1756 3302 1810 3358 4.
1846 3295 1915 3347 Ue
1938 3296 2045 3347 LX
2058 3314 2192 3366 pass.
2211 3297 2427 3371 plerique
2447 3298 2563 3350 orbe
2590 3300 2697 3351 ool-

1674 3375 1848 3443 le‘gam.
1871 3375 2025 3427 Remi
2048 3376 2248 3429 scilicet
2270 3378 2327 3431 in
2358 3378 2543 3431 orbem
2566 3377 2692 3433 fusi.

1673 3455 1751 3507 Ita
1804 3454 1957 3507 MSS.
1996 3474 2181 3509 omnes
2224 3458 2352 3527 Reg.
2396 3456 2549 3517 Colb.
2584 3469 2694 3514 etc.

1672 3533 1995 3589 Credibilius
2008 3534 2065 3587 id
2082 3535 2359 3601 nimirum,
2372 3555 2529 3608 quam
2542 3536 2695 3608 quod

1672 3614 2029 3685 Theophrast.
2064 3614 2137 3667 ait
2164 3615 2267 3667 loc.
2295 3616 2387 3668 eit.
2418 3617 2501 3669 vel
2534 3617 2696 3671 unius

1666 3692 1899 3747 caudicis
1948 3692 2345 3747 crassitudinem
2400 3715 2471 3749 u
2520 3714 2691 3767 sepe,

1665 3792 1735 3827 xt-
1750 3772 1989 3825 crebrius
2026 3792 2206 3843 passus
2236 3794 2442 3847 equare
2468 3793 2482 3828 :
2508 3775 2591 3829 καὶ
2632 3778 2693 3829 τὸ

1665 3850 1827 3919 πάχες
1863 3858 1949 3905 τοῦ
1980 3855 2209 3923 eei-200<
2254 3856 2358 3907 ἔνια
2382 3856 2611 3909 πλιιόνων
2654 3856 2690 3913 ἢ

1666 3931 1899 3994 ίξήκοντα.
1928 3934 2189 4004 βημάτων,
2224 3933 2289 3989 τὰ
2306 3930 2367 3987 δὲ
2384 3934 2549 3987 πολλὰ
2568 3956 2689 3990 τιτ·

1664 4012 1965 4081 rapuit-wrm.
1992 4012 2308 4086 Quanquam
2328 4032 2439 4066 non
2458 4033 2577 4067 sum
2598 4034 2695 4069 ne·

1668 4090 1803 4145 scius
1846 4104 1902 4146 et
1938 4090 2131 4164 pedem
2181 4095 2322 4163 βῆμα
2349 4093 2646 4165 significare
2666 4112 2685 4149 z
