2984 5009
695 380 844 469 342

1243 384 1322 451 C.
1377 384 1711 463 PLlffll
1766 380 1976 458 NAT.
2038 382 2291 449 HIST.

693 515 882 596 Inter
923 512 1122 586 flores
1162 538 1246 583 ex
1292 537 1460 607 rosae
1507 513 1680 595 foliis
1724 515 1887 591 tusis
1922 498 2059 586 in³⁶
2106 510 2380 587 linteolo
2430 512 2503 581 in
2553 524 2829 585 mustum

695 617 980 708 collatis,
1017 644 1170 689 cum
1205 612 1653 715 pondusculo,
1688 636 1766 691 ut
1805 620 1978 691 sidat
1993 605 2067 704 ³⁷,
2106 644 2197 690 ιιι.
2238 616 2541 713 pondere
2556 604 2607 643 ³⁸
2644 618 2829 689 dena-

693 727 949 795 riorum
982 728 1052 795 in
1089 730 1410 813 sextarios
1440 730 1711 799 vicenos
1754 724 1995 813 inusti,
2046 751 2171 796 nec
2212 740 2367 795 ante
2412 740 2549 795 tres
2590 750 2831 798 menses

695 856 856 903 vase
893 848 1128 927 aperto
1141 818 1214 903 ³⁹.
1245 836 1416 903 Item
1452 860 1489 903 e
1524 821 1773 905 nardo⁴

805 942 1220 1010 Aromatiten
1277 966 1545 1037 quoque
1558 928 1581 973 ⁴

1778 833 1803 858 ⁰
1838 832 2134 916 Gallico,
2164 846 2233 903 et
2260 830 2438 903 aliud
2472 857 2511 901 e
2542 830 2827 903 silvestri.

1588 940 1605 967 ¹
1656 942 1922 1011 invenio
1978 934 2349 1012 factitatum
2402 952 2659 1009 tantum
2703 962 2831 1009 non

697 1050 1761 1143 unguentorum—compositione,
1822 1049 2041 1143 primo
2092 1072 2131 1117 e
2186 1044 2501 1140 myrrha,
2549 1060 2625 1117 ut
2674 1043 2828 1117 dixi·
2882 1103 2893 1118 .

694 1178 846 1223 mus
867 1140 893 1185 ⁴

776 1356 870 1411 36.
906 1358 994 1410 Ex
1032 1376 1155 1410 rosas
1178 1356 1321 1426 soliis
1363 1362 1481 1411 tusis
1512 1361 1593 1423 ἱη,
1622 1372 1723 1412 etc.

691 1435 926 1508 Legend.
977 1463 1001 1485 ι
1026 1438 1105 1491 Ex
1137 1456 1270 1493 rosoe
1307 1438 1448 1490 foliis
1493 1439 1625 1492 tusis
1668 1439 1726 1491 in

693 1516 916 1569 linteolo
955 1516 1014 1569 in
1059 1530 1292 1571 mustum
1339 1518 1559 1571 cbalstis
1603 1536 1728 1572 cum

694 1594 1062 1669 pondusculo.
1091 1610 1152 1649 ut
1175 1597 1343 1657 sidat,
1387 1598 1528 1652 CCL
1562 1596 1730 1653 dena-

695 1676 902 1729 riorum
937 1675 1176 1747 pondere
1207 1678 1262 1729 in
1293 1678 1550 1731 sextarios
1590 1678 1731 1733 vice·

695 1774 797 1809 nos
829 1758 1027 1822 musti,
1071 1775 1172 1809 nec
1217 1770 1339 1811 ante
1381 1771 1485 1811 tres
1530 1777 1734 1811 menses

696 1849 1033 1907 vaseaperto.
1046 1862 1069 1883 ι
1079 1836 1130 1890 N
1132 1855 1216 1889 sm
1227 1838 1385 1891 mina
1396 1838 1508 1891 sive
1515 1856 1609 1891 cen
1616 1850 1731 1891 tum

697 1912 1042 1969 denariorum
1089 1915 1305 1987 pondus
1361 1918 1418 1971 in
1477 1918 1733 1971 sextarios

697 2007 822 2047 octo
842 2032 858 2060 ,
888 1996 1114 2067 requirit
1140 1993 1272 2049 duas
1297 1998 1468 2051 minas
1493 1998 1550 2049 in
1581 1995 1733 2054 sede·

699 2075 804 2127 cim
825 2112 844 2139 ,
883 2073 1017 2129 duas
1048 2090 1100 2129 et
1123 2077 1386 2149 ἦμίμναιον
1413 2078 1469 2129 ὶη
1498 2076 1727 2134 vicenos.

696 2152 840 2207 Male
851 2155 1036 2226 vulgo,
1053 2156 1158 2207 XL
1171 2156 1495 2210 denariorum.
1508 2152 1610 2209 Sed
1632 2175 1733 2209 nec

696 2246 843 2288 recte
863 2235 1051 2288 colatis.
1075 2230 1276 2307 scripsi
1297 2236 1505 2289 choleris
1520 2276 1535 2301 ,
1558 2234 1613 2288 id
1637 2250 1732 2302 est,

698 2312 977 2367 demissis:
1012 2314 1161 2386 quod
1191 2316 1419 2369 verbum
1443 2313 1589 2386 apud
1624 2311 1734 2368 Ve-

697 2394 898 2465 getium
914 2432 930 2459 ,
955 2407 1014 2447 ut
1041 2408 1095 2449 et
1120 2396 1569 2463 chalatoriosfimes
1595 2396 1735 2449 eruit

697 2472 940 2527 Turneb.
975 2472 1117 2528 Vide
1147 2474 1388 2528 Gronov·
1422 2474 1490 2529 de
1521 2476 1735 2529 Sestert.

708 2552 839 2621 193.
869 2586 950 2596 ·—-
977 2556 1038 2607 In
1076 2566 1297 2607 mustum.
1339 2556 1406 2608 In
1445 2554 1735 2626 Hyssopite

700 2630 758 2684 id
793 2632 1142 2687 Dioscorides.
1170 2635 1312 2689 Du..
1339 2664 1420 2676 -—
1441 2636 1503 2685 In
1534 2647 1735 2687 mustum

700 2711 912 2764 collatis.
945 2712 1034 2765 Sic
1065 2714 1198 2783 Reg.
1231 2732 1259 2766 2
1281 2754 1296 2776 ,
1329 2712 1486 2767 Colb.
1518 2726 1618 2767 etc.
1652 2716 1736 2767 vel

699 2803 762 2843 ut
783 2792 1076 2845 vetustiore
1097 2794 1268 2845 forma
1286 2794 1416 2865 Reg.
1445 2812 1466 2845 1
1480 2832 1497 2859 ,
1514 2794 1735 2848 conlatis.

701 2869 886 2941 Longe
923 2872 1065 2925 enim
1095 2892 1126 2925 a
1158 2870 1406 2926 Pliniano
1445 2872 1586 2945 stylo
1632 2893 1736 2927 vox

701 2948 942 3016 chalam,
972 2971 1134 3023 quam
1167 2951 1475 3009 Gronovius
1493 2990 1510 3017 ‚
1537 2952 1631 3005 lib.
1667 2950 1737 3009 de

703 3026 905 3083 sestert-
934 3048 1056 3103 pag.
1091 3034 1232 3102 193,
1260 3030 1350 3084 bic
1372 3031 1533 3085 nobis
1551 3033 1739 3087 obtru-

701 3105 803 3162 dit.
846 3107 911 3162 Id
949 3110 1114 3165 latine
1169 3112 1372 3166 Plinius
1407 3124 1592 3165 noster
1644 3132 1733 3165 ex-

700 3189 922 3261 pressit,
961 3190 1110 3263 quod
1145 3210 1312 3279 grace
1364 3190 1701 3247 Dioscorides
1721 3230 1738 3255 ,

700 3268 800 3322 lib.
829 3268 902 3332 V,
925 3288 972 3322 c.
1010 3271 1081 3325 35
1110 3290 1125 3324 :
1162 3268 1375 3333 Ροδὶτης
1403 3266 1544 3333 οἶνος.
1570 3274 1735 3333 Κάθες

702 3350 770 3409 εἰς
802 3350 1030 3421 γλεύκους
1061 3351 1209 3415 {icae
1238 3347 1314 3408 η’.
1347 3350 1583 3413 1ιινὶῐιιιιτι
1608 3352 1736 3404 rho-

703 3426 856 3482 dites.
890 3428 1091 3484 Confer
1123 3432 1180 3483 in
1209 3444 1444 3485 mustum
1480 3432 1737 3485 sextarios

703 3520 844 3561 octo.
878 3535 900 3555 ι
935 3511 1120 3564 ΗΑιιυ.

785 3589 879 3658 37.
936 3590 1007 3642 Ue
1042 3591 1194 3645 sidat.
1235 3592 1379 3645 Intra
1419 3590 1739 3657 linteolum,

701 3664 882 3737 inquit
916 3669 1095 3724 Diosc.
1125 3669 1296 3741 lapilli
1332 3670 1488 3723 simul
1534 3670 1738 3725 immit-

702 3754 922 3813 tuntur,
952 3761 1013 3801 ut
1045 3748 1359 3821 degravatus
1394 3746 1733 3821 pondusculo

699 3824 978 3880 fasciculus
1005 3828 1139 3884 sidat
1154 3866 1172 3893 ,
1201 3843 1454 3902 petatque
1473 3827 1593 3883 cadi
1611 3831 1734 3883 fun-

697 3902 847 3958 dum.
875 3907 1056 3961 Han.

779 3984 868 4040 38.
908 3986 1010 4039 XL
1034 3988 1261 4057 pondere.
1303 3991 1384 4043 Ita
1421 3988 1578 4043 MSS.
1616 4008 1730 4042 om·

897 1152 944 1243 ²,
975 1178 1136 1223 mox
1163 1169 1230 1223 et
1266 1154 1479 1225 nardo
1498 1140 1550 1188 ⁴³
1586 1154 1881 1243 Celtice,
1911 1153 2167 1224 calamo
2186 1150 2605 1249 ,aspalatho,
2628 1148 2767 1220 offis
2780 1135 2831 1181 ⁴⁴

1819 1376 1915 1413 nes
1939 1376 1952 1410 z
1984 1357 2083 1411 etsi
2115 1354 2183 1409 de
2210 1352 2454 1429 pondere
2479 1372 2511 1407 ι
2541 1353 2707 1408 Plinio
2731 1350 2829 1429 dis-

1820 1437 1958 1493 sidet
2008 1439 2183 1490 Diosc.
2228 1436 2333 1489 loc.
2377 1434 2469 1487 cit.
2514 1434 2680 1487 multo
2716 1450 2830 1485 vero

1823 1518 1980 1571 etiam
2004 1516 2170 1589 magis
2192 1512 2459 1568 Pau-diua
2484 1514 2543 1566 in
2565 1514 2733 1577 Maio,
2754 1511 2831 1564 tit.

1830 1600 1898 1661 13,
1918 1632 1934 1659 ‚
1967 1594 2035 1651 de
2062 1614 2199 1651 rosa.
2232 1596 2413 1647 Hmn.

1906 1677 2000 1746 39.
2052 1677 2155 1732 Nec
2202 1686 2313 1727 aare
2364 1686 2457 1727 tres
2503 1692 2677 1725 memes
2726 1690 2830 1723 use

1821 1770 2005 1829 aperto.
2034 1757 2113 1809 Ut
2137 1754 2452 1809 defaecatum
2478 1754 2663 1807 vinum
2687 1766 2830 1805 um

1821 1836 2094 1893 fundatur.
2118 1836 2298 1889 Diosc.
2328 1834 2535 1887 Dum.

1908 1924 1999 1983 4ο.
2052 1918 2173 1969 Item
2218 1934 2245 1966 e
2286 1913 2462 1965 nardo.
2506 1914 2589 1965 De
2632 1924 2830 1981 utraque

1820 1996 1991 2051 nardo
2021 1994 2283 2057 diximus,
2310 1994 2406 2047 lib.
2440 1994 2585 2055 ΧΠ,
2610 2010 2718 2062 cap.
2748 1994 2825 2042 26.

1821 2076 1949 2131 Hac
1977 2076 2155 2129 Diosc.
2182 2072 2384 2145 pariter
2406 2073 2503 2125 lib.
2532 2074 2604 2137 V,
2623 2090 2669 2125 c.
2694 2073 2758 2140 67
2783 2082 2828 2121 et

1822 2161 1921 2229 69.
1948 2156 2133 2211 Hsnn.

1906 2244 2000 2301 41.
2032 2235 2341 2289 Aromatiten
2363 2251 2547 2305 quoque
2562 2270 2579 2296 2
2607 2243 2700 2285 etc.
2725 2228 2825 2281 Pal-

1822 2315 1997 2369 ladius
2015 2316 2075 2369 in
2096 2312 2351 2375 octobri,
2370 2330 2491 2382 cap.
2512 2328 2623 2365 κεν.
2638 2309 2823 2365 Colum.

1822 2396 1919 2449 lib.
1952 2396 2077 2447 XII.
2102 2395 2301 2447 Athen.
2330 2390 2427 2444 lib.
2454 2392 2515 2457 I,
2546 2391 2725 2461 τρίμμα.
2748 2405 2825 2439 vo·

1825 2476 1938 2539 cari
1964 2474 2168 2529 scribit.
2198 2475 2400 2525 Dsutc.
2422 2503 2502 2513 —
2530 2472 2822 2524 Ammatiten.

1826 2546 2153 2627 Ᾰρωματίτης
2209 2547 2330 2614 οἶνος
2352 2586 2368 2614 ,
2422 2554 2574 2622 cujus
2632 2544 2823 2619 parandi

1827 2634 2013 2687 modos
2030 2632 2351 2703 multiplices
2372 2628 2535 2685 tradit
2556 2628 2725 2683 Diosc.
2744 2626 2823 2678 lib.

1829 2715 1911 2779 V,
1938 2732 2053 2786 cap.
2088 2718 2161 2775 64
2188 2724 2241 2763 et
2274 2710 2361 2764 65.
2388 2712 2570 2763 Ham).

1909 2800 2001 2857 4².
2032 2794 2101 2845 Ue
2114 2794 2339 2844 diximus.
2360 2790 2494 2861 Cap.
2520 2808 2543 2845 1
2558 2788 2610 2843 5.
2628 2788 2702 2841 De
2720 2785 2824 2836 vino

1828 2891 1859 2928 e
1887 2874 2105 2945 myrrha
2124 2910 2139 2935 ,
2174 2870 2352 2923 Diosc.
2381 2869 2475 2923 lib.
2507 2870 2589 2935 V,
2617 2886 2720 2937 cap.
2747 2863 2821 2917 65.

1826 2952 2171 3026 Myrrhatum
2198 2949 2253 3002 id
2283 2951 2423 3003 forte
2445 2949 2632 3003 vinum
2662 2945 2821 3005 fuerit,

1828 3026 1949 3095 οἶνος
1978 3034 2351 3103 ἅσμυρνισμὲνος
2368 3068 2385 3095 ,
2415 3028 2566 3101 quod
2595 3024 2822 3079 morituro
2892 3058 2894 3061 ι

1826 3112 2061 3164 Domino
2087 3110 2445 3181 propinarunt
2462 3146 2479 3172 ‚
2510 3122 2569 3161 ut
2594 3106 2715 3159 sacri
2740 3121 2819 3155 oo-

1828 3190 1973 3253 dices
1994 3190 2257 3245 referunt.
2283 3188 2409 3243 Haeec
2436 3200 2579 3241 certe
2608 3198 2706 3249 est,
2726 3198 2822 3253 qun

1826 3270 1970 3344 apud
2008 3271 2225 3323 Festum
2248 3280 2465 3322 murrata
2486 3271 2625 3339 potio
2646 3280 2820 3318 nuncu-

1828 3363 2001 3423 patur.
2030 3350 2211 3403 Hsnn.

1914 3430 2007 3495 43.
2036 3428 2163 3483 Mox
2190 3440 2238 3480 et
2280 3426 2438 3479 nardo
2472 3426 2687 3491 Celtico,
2716 3421 2822 3475 oulc-

1828 3528 1925 3575 mo,
1946 3510 2201 3581 aspalatho
2213 3546 2229 3573 ‚
2253 3520 2357 3561 etc.
2374 3504 2547 3561 Aliud
2564 3518 2640 3559 est
2655 3518 2821 3556 aroma·

1825 3590 1935 3643 titae
1958 3589 2070 3643 vini
2095 3606 2261 3661 genus
2280 3626 2297 3651 ,
2322 3585 2392 3640 de
2416 3604 2528 3659 quo
2553 3586 2725 3639 Diosc.
2744 3579 2819 3631 til».

1824 3670 1908 3733 V,
1936 3686 2053 3741 cup.
2082 3672 2174 3731 64.
2202 3668 2387 3721 num.

1910 3755 2003 3813 44.
2055 3747 2205 3818 Offis.
2252 3748 2334 3799 Ex
2384 3746 2631 3799 contritis
2672 3738 2819 3795 herbis

1822 3828 2069 3901 proxime
2096 3826 2384 3881 nominatis
2414 3826 2574 3879 factas
2610 3818 2819 3895 grandio-

1822 3928 1905 3963 res
1927 3910 2061 3963 offas
2085 3907 2143 3959 in
2170 3918 2402 3961 mustum
2426 3918 2689 3959 austerum
2710 3896 2815 3967 deji-

1821 3990 1927 4043 cito
1949 4028 1965 4055 ,
1995 3987 2113 4055 βάλε
2135 4024 2151 4052 ,
2180 3986 2357 4057 inquit
2386 3986 2561 4039 Diosc.
2586 3986 2621 4038 l.
2650 4002 2691 4036 c.
2717 3981 2771 4032 Η.
