<?xml version="1.0" encoding="UTF-8"?>
<!DOCTYPE html PUBLIC "-//W3C//DTD XHTML 1.0 Transitional//EN"
    "http://www.w3.org/TR/xhtml1/DTD/xhtml1-transitional.dtd">
<html xmlns="http://www.w3.org/1999/xhtml" xml:lang="en" lang="en">
 <head>
  <title>
</title>
<meta http-equiv="Content-Type" content="text/html;charset=utf-8" />
  <meta name='ocr-system' content='tesseract 3.04.00' />
  <meta name='ocr-capabilities' content='ocr_page ocr_carea ocr_par ocr_line ocrx_word'/>
</head>
<body>
  <div class='ocr_page' id='page_1' title='image "./caiipliniisecun07plingoog_0211.png"; bbox 0 0 2984 5009; ppageno 0'>
   <div class='ocr_carea' id='block_1_1' title="bbox 727 465 871 556">
    <p class='ocr_par' dir='ltr' id='par_1_1' title="bbox 727 465 871 556">
     <span class='ocr_line' id='line_1_1' title="bbox 727 465 871 556; baseline 0 -24"><span class='ocrx_word' id='word_1_1' title='bbox 727 465 871 556; x_wconf 76' lang='lat'><strong>194</strong></span> 
     </span>
    </p>
   </div>
   <div class='ocr_carea' id='block_1_2' title="bbox 1254 461 2320 532">
    <p class='ocr_par' dir='ltr' id='par_1_2' title="bbox 1254 461 2320 532">
     <span class='ocr_line' id='line_1_2' title="bbox 1254 461 2320 532; baseline 0 -2"><span class='ocrx_word' id='word_1_2' title='bbox 1254 463 1333 530; x_wconf 91' lang='lat' dir='ltr'><strong>C.</strong></span> <span class='ocrx_word' id='word_1_3' title='bbox 1389 462 1733 530; x_wconf 89' lang='lat' dir='ltr'>PLINII</span> <span class='ocrx_word' id='word_1_4' title='bbox 1790 464 2004 531; x_wconf 85' lang='lat' dir='ltr'><strong>NAT.</strong></span> <span class='ocrx_word' id='word_1_5' title='bbox 2063 461 2320 532; x_wconf 80' lang='lat' dir='ltr'><strong>HtsT.</strong></span> 
     </span>
    </p>
   </div>
   <div class='ocr_carea' id='block_1_3' title="bbox 715 578 2856 690">
    <p class='ocr_par' dir='ltr' id='par_1_3' title="bbox 715 578 2856 690">
     <span class='ocr_line' id='line_1_3' title="bbox 715 578 2856 690; baseline 0.003 -29"><span class='ocrx_word' id='word_1_6' title='bbox 715 609 850 662; x_wconf 83' lang='lat' dir='ltr'><strong>non</strong></span> <span class='ocrx_word' id='word_1_7' title='bbox 891 578 1206 687; x_wconf 86' lang='lat' dir='ltr'><strong>amplius⁵</strong></span> <span class='ocrx_word' id='word_1_8' title='bbox 1234 593 1611 662; x_wconf 87' lang='lat' dir='ltr'><strong>cubitorum</strong></span> <span class='ocrx_word' id='word_1_9' title='bbox 1642 592 2053 688; x_wconf 83' lang='lat' dir='ltr'>longitudine</span> <span class='ocrx_word' id='word_1_10' title='bbox 2083 595 2163 663; x_wconf 84' lang='lat' dir='ltr'><strong>in.</strong></span> <span class='ocrx_word' id='word_1_11' title='bbox 2194 593 2627 690; x_wconf 71' lang='lat' dir='ltr'>gracilitatem</span> <span class='ocrx_word' id='word_1_12' title='bbox 2670 597 2856 668; x_wconf 86' lang='lat' dir='ltr'><strong>fasti-</strong></span> 
     </span>
    </p>
   </div>
   <div class='ocr_carea' id='block_1_4' title="bbox 713 683 1002 793">
    <p class='ocr_par' dir='ltr' id='par_1_4' title="bbox 713 683 1002 793">
     <span class='ocr_line' id='line_1_4' title="bbox 713 683 1002 793; baseline -0.007 -25"><span class='ocrx_word' id='word_1_13' title='bbox 713 725 794 793; x_wconf 82' lang='lat' dir='ltr'><strong>ga</strong></span> <span class='ocrx_word' id='word_1_14' title='bbox 802 715 941 768; x_wconf 89' lang='lat' dir='ltr'><strong>tum</strong></span> <span class='ocrx_word' id='word_1_15' title='bbox 957 683 1002 784; x_wconf 84' lang='lat'><strong>⁶,</strong></span> 
     </span>
    </p>
   </div>
   <div class='ocr_carea' id='block_1_5' title="bbox 1047 690 2855 794">
    <p class='ocr_par' dir='ltr' id='par_1_5' title="bbox 1047 690 2855 794">
     <span class='ocr_line' id='line_1_5' title="bbox 1047 690 2855 794; baseline 0.003 -26"><span class='ocrx_word' id='word_1_16' title='bbox 1047 699 1256 794; x_wconf 82' lang='lat' dir='ltr'><strong>thyrsi</strong></span> <span class='ocrx_word' id='word_1_17' title='bbox 1294 699 1497 770; x_wconf 89' lang='lat' dir='ltr'><strong>modo</strong></span> <span class='ocrx_word' id='word_1_18' title='bbox 1532 725 1851 778; x_wconf 80' lang='lat' dir='ltr'>cacumen</span> <span class='ocrx_word' id='word_1_19' title='bbox 1887 698 2267 770; x_wconf 87' lang='lat' dir='ltr'><strong>includens⁷</strong></span> <span class='ocrx_word' id='word_1_20' title='bbox 2308 690 2601 773; x_wconf 80' lang='lat' dir='ltr'><strong>semine⁸</strong></span> <span class='ocrx_word' id='word_1_21' title='bbox 2635 703 2855 788; x_wconf 78' lang='lat' dir='ltr'><strong>nulIO,</strong></span> 
     </span>
    </p>
   </div>
   <div class='ocr_carea' id='block_1_6' title="bbox 663 805 2857 910">
    <p class='ocr_par' dir='ltr' id='par_1_6' title="bbox 663 805 2857 910">
     <span class='ocr_line' id='line_1_6' title="bbox 663 805 2857 910; baseline 0.003 -37"><span class='ocrx_word' id='word_1_22' title='bbox 663 895 676 910; x_wconf 91' lang='lat'><strong>.</strong></span> <span class='ocrx_word' id='word_1_23' title='bbox 709 821 827 875; x_wconf 87' lang='lat' dir='ltr'><strong>aut</strong></span> <span class='ocrx_word' id='word_1_24' title='bbox 866 831 991 874; x_wconf 91' lang='lat' dir='ltr'><strong>usu</strong></span> <span class='ocrx_word' id='word_1_25' title='bbox 1021 806 1161 898; x_wconf 89' lang='lat' dir='ltr'><strong>ejus</strong></span> <span class='ocrx_word' id='word_1_26' title='bbox 1193 805 1355 893; x_wconf 83' lang='lat' dir='ltr'><strong>alio,</strong></span> <span class='ocrx_word' id='word_1_27' title='bbox 1377 811 1612 901; x_wconf 80' lang='lat' dir='ltr'><strong>&#39;quarn</strong></span> <span class='ocrx_word' id='word_1_28' title='bbox 1653 807 1833 878; x_wconf 88' lang='lat' dir='ltr'><strong>floris</strong></span> <span class='ocrx_word' id='word_1_29' title='bbox 1868 805 1955 876; x_wconf 86' lang='lat' dir='ltr'><strong>ad</strong></span> <span class='ocrx_word' id='word_1_30' title='bbox 1998 807 2158 879; x_wconf 82' lang='lat' dir='ltr'><strong>deos</strong></span> <span class='ocrx_word' id='word_1_31' title='bbox 2194 809 2679 880; x_wconf 83' lang='lat' dir='ltr'><strong>coronandos⁹.</strong></span> <span class='ocrx_word' id='word_1_32' title='bbox 2724 815 2857 880; x_wconf 87' lang='lat' dir='ltr'><strong>Ra-</strong></span> 
     </span>
    </p>
   </div>
   <div class='ocr_carea' id='block_1_7' title="bbox 703 980 1739 2488">
    <p class='ocr_par' dir='ltr' id='par_1_7' title="bbox 703 980 1733 1453">
     <span class='ocr_line' id='line_1_7' title="bbox 705 980 1733 1054; baseline -0.002 -18"><span class='ocrx_word' id='word_1_33' title='bbox 705 983 966 1054; x_wconf 85' lang='lat' dir='ltr'><strong>scipiones</strong></span> <span class='ocrx_word' id='word_1_34' title='bbox 989 980 1233 1034; x_wconf 85' lang='lat' dir='ltr'><strong>habuisse</strong></span> <span class='ocrx_word' id='word_1_35' title='bbox 1262 997 1315 1033; x_wconf 86' lang='lat' dir='ltr'><strong>se</strong></span> <span class='ocrx_word' id='word_1_36' title='bbox 1348 981 1533 1033; x_wconf 81' lang='lat' dir='ltr'>scribit</span> <span class='ocrx_word' id='word_1_37' title='bbox 1558 981 1733 1034; x_wconf 90' lang='lat' dir='ltr'><strong>Goro-</strong></span> 
     </span>
     <span class='ocr_line' id='line_1_8' title="bbox 705 1059 1731 1134; baseline 0.001 -20"><span class='ocrx_word' id='word_1_38' title='bbox 705 1063 826 1134; x_wconf 83' lang='lat' dir='ltr'><strong>pius</strong></span> <span class='ocrx_word' id='word_1_39' title='bbox 853 1063 1115 1125; x_wconf 88' lang='lat' dir='ltr'><strong>Becanus,</strong></span> <span class='ocrx_word' id='word_1_40' title='bbox 1147 1059 1383 1132; x_wconf 88' lang='lat' dir='ltr'><strong>Hierogl.</strong></span> <span class='ocrx_word' id='word_1_41' title='bbox 1415 1061 1511 1114; x_wconf 90' lang='lat' dir='ltr'><strong>lib.</strong></span> <span class='ocrx_word' id='word_1_42' title='bbox 1554 1062 1636 1124; x_wconf 86' lang='lat' dir='ltr'><strong>X,</strong></span> <span class='ocrx_word' id='word_1_43' title='bbox 1676 1081 1731 1132; x_wconf 89' lang='lat' dir='ltr'><strong>p.</strong></span> 
     </span>
     <span class='ocr_line' id='line_1_9' title="bbox 715 1139 1733 1212; baseline -0.003 -16"><span class='ocrx_word' id='word_1_44' title='bbox 715 1146 843 1196; x_wconf 79' lang='lat'><strong>162.</strong></span> <span class='ocrx_word' id='word_1_45' title='bbox 887 1145 1072 1212; x_wconf 88' lang='lat' dir='ltr'><strong>Itaque</strong></span> <span class='ocrx_word' id='word_1_46' title='bbox 1120 1139 1188 1192; x_wconf 89' lang='lat' dir='ltr'><strong>de</strong></span> <span class='ocrx_word' id='word_1_47' title='bbox 1232 1141 1380 1193; x_wconf 83' lang='lat' dir='ltr'><strong>caule</strong></span> <span class='ocrx_word' id='word_1_48' title='bbox 1429 1139 1733 1210; x_wconf 85' lang='lat' dir='ltr'><strong>accipienda</strong></span> 
     </span>
     <span class='ocr_line' id='line_1_10' title="bbox 705 1209 1729 1292; baseline 0 -18"><span class='ocrx_word' id='word_1_49' title='bbox 705 1223 821 1274; x_wconf 84' lang='lat' dir='ltr'><strong>haec</strong></span> <span class='ocrx_word' id='word_1_50' title='bbox 847 1219 1123 1292; x_wconf 85' lang='lat' dir='ltr'><strong>Theophr.</strong></span> <span class='ocrx_word' id='word_1_51' title='bbox 1153 1219 1350 1273; x_wconf 83' lang='lat' dir='ltr'><strong>verba:</strong></span> <span class='ocrx_word' id='word_1_52' title='bbox 1385 1209 1495 1273; x_wconf 69' lang='grc' dir='ltr'><strong>Ᾰνω</strong></span> <span class='ocrx_word' id='word_1_53' title='bbox 1523 1215 1581 1272; x_wconf 68' lang='grc' dir='ltr'><strong>δὲ</strong></span> <span class='ocrx_word' id='word_1_54' title='bbox 1617 1223 1729 1282; x_wconf 77' lang='grc' dir='ltr'>τοὺς</span> 
     </span>
     <span class='ocr_line' id='line_1_11' title="bbox 705 1299 1732 1374; baseline -0.002 -20"><span class='ocrx_word' id='word_1_55' title='bbox 705 1303 956 1374; x_wconf 78' lang='grc' dir='ltr'>παπύρους</span> <span class='ocrx_word' id='word_1_56' title='bbox 981 1303 1301 1370; x_wconf 63' lang='grc' dir='ltr'><strong>καλουμένους</strong></span> <span class='ocrx_word' id='word_1_57' title='bbox 1337 1299 1613 1370; x_wconf 78' lang='grc' dir='ltr'><strong>τριγώνους,</strong></span> <span class='ocrx_word' id='word_1_58' title='bbox 1642 1303 1732 1372; x_wconf 79' lang='grc' dir='ltr'>με’·</span> 
     </span>
     <span class='ocr_line' id='line_1_12' title="bbox 703 1380 1531 1453; baseline -0.006 -18"><span class='ocrx_word' id='word_1_59' title='bbox 703 1387 842 1453; x_wconf 75' lang='grc' dir='ltr'>γεθος</span> <span class='ocrx_word' id='word_1_60' title='bbox 873 1385 938 1443; x_wconf 76' lang='grc' dir='ltr'><strong>ὡς</strong></span> <span class='ocrx_word' id='word_1_61' title='bbox 967 1380 1315 1451; x_wconf 72' lang='grc' dir='ltr'>τετραπήχεις.</span> <span class='ocrx_word' id='word_1_62' title='bbox 1343 1381 1531 1432; x_wconf 68' lang='grc' dir='ltr'><strong>Ηυιῑ).</strong></span> 
     </span>
    </p>

    <p class='ocr_par' dir='ltr' id='par_1_8' title="bbox 704 1458 1733 1770">
     <span class='ocr_line' id='line_1_13' title="bbox 789 1458 1726 1530; baseline -0.003 -15"><span class='ocrx_word' id='word_1_63' title='bbox 789 1462 840 1515; x_wconf 83' lang='grc'><strong>5.</strong></span> <span class='ocrx_word' id='word_1_64' title='bbox 876 1463 1050 1512; x_wconf 74' lang='lat' dir='ltr'><strong>Decem</strong></span> <span class='ocrx_word' id='word_1_65' title='bbox 1081 1480 1176 1512; x_wconf 82' lang='lat' dir='ltr'><strong>non</strong></span> <span class='ocrx_word' id='word_1_66' title='bbox 1199 1460 1422 1529; x_wconf 74' lang='lat' dir='ltr'><strong>amplius.</strong></span> <span class='ocrx_word' id='word_1_67' title='bbox 1445 1458 1726 1530; x_wconf 76' lang='lat' dir='ltr'><strong>Theophr-</strong></span> 
     </span>
     <span class='ocr_line' id='line_1_14' title="bbox 704 1539 1733 1608; baseline -0.004 -14"><span class='ocrx_word' id='word_1_68' title='bbox 704 1540 892 1594; x_wconf 87' lang='lat' dir='ltr'><strong>decem</strong></span> <span class='ocrx_word' id='word_1_69' title='bbox 922 1554 976 1594; x_wconf 87' lang='lat' dir='ltr'><strong>et</strong></span> <span class='ocrx_word' id='word_1_70' title='bbox 1013 1540 1239 1608; x_wconf 85' lang='lat' dir='ltr'><strong>amplius</strong></span> <span class='ocrx_word' id='word_1_71' title='bbox 1277 1540 1583 1593; x_wconf 86' lang='lat' dir='ltr'><strong>cubitorum</strong></span> <span class='ocrx_word' id='word_1_72' title='bbox 1610 1539 1733 1592; x_wconf 86' lang='lat' dir='ltr'><strong>lon·</strong></span> 
     </span>
     <span class='ocr_line' id='line_1_15' title="bbox 704 1618 1733 1691; baseline -0.003 -16"><span class='ocrx_word' id='word_1_73' title='bbox 704 1619 1002 1691; x_wconf 79' lang='lat' dir='ltr'><strong>gitudinem</strong></span> <span class='ocrx_word' id='word_1_74' title='bbox 1017 1618 1290 1672; x_wconf 78' lang='lat' dir='ltr'><strong>radicibus</strong></span> <span class='ocrx_word' id='word_1_75' title='bbox 1309 1620 1571 1672; x_wconf 79' lang='lat' dir='ltr'><strong>attribuit:</strong></span> <span class='ocrx_word' id='word_1_76' title='bbox 1594 1619 1733 1672; x_wconf 86' lang='lat' dir='ltr'><strong>cauli</strong></span> 
     </span>
     <span class='ocr_line' id='line_1_16' title="bbox 705 1699 1729 1770; baseline -0.004 -16"><span class='ocrx_word' id='word_1_77' title='bbox 705 1719 798 1754; x_wconf 87' lang='lat' dir='ltr'><strong>scu</strong></span> <span class='ocrx_word' id='word_1_78' title='bbox 829 1718 1021 1769; x_wconf 84' lang='lat' dir='ltr'><strong>scapo,</strong></span> <span class='ocrx_word' id='word_1_79' title='bbox 1068 1710 1272 1751; x_wconf 84' lang='lat' dir='ltr'><strong>tantum</strong></span> <span class='ocrx_word' id='word_1_80' title='bbox 1303 1711 1641 1770; x_wconf 87' lang='lat' dir='ltr'><strong>quaternum.</strong></span> <span class='ocrx_word' id='word_1_81' title='bbox 1660 1699 1729 1750; x_wconf 88' lang='lat' dir='ltr'><strong>H.</strong></span> 
     </span>
    </p>

    <p class='ocr_par' dir='ltr' id='par_1_9' title="bbox 704 1776 1735 2087">
     <span class='ocr_line' id='line_1_17' title="bbox 743 1776 1732 1849; baseline -0.002 -17"><span class='ocrx_word' id='word_1_82' title='bbox 743 1783 836 1846; x_wconf 24' lang='grc' dir='ltr'><strong>μδ.</strong></span> <span class='ocrx_word' id='word_1_83' title='bbox 863 1779 1195 1849; x_wconf 70' lang='lat' dir='ltr'><strong>Fastigatam,</strong></span> <span class='ocrx_word' id='word_1_84' title='bbox 1230 1776 1286 1829; x_wconf 81' lang='lat' dir='ltr'><strong>id</strong></span> <span class='ocrx_word' id='word_1_85' title='bbox 1317 1791 1427 1843; x_wconf 85' lang='lat' dir='ltr'><strong>est,</strong></span> <span class='ocrx_word' id='word_1_86' title='bbox 1463 1779 1732 1832; x_wconf 86' lang='lat' dir='ltr'><strong>acumina-</strong></span> 
     </span>
     <span class='ocr_line' id='line_1_18' title="bbox 705 1855 1735 1923; baseline -0.004 -9"><span class='ocrx_word' id='word_1_87' title='bbox 705 1872 838 1914; x_wconf 79' lang='lat' dir='ltr'><strong>tum.</strong></span> <span class='ocrx_word' id='word_1_88' title='bbox 868 1859 956 1912; x_wconf 88' lang='lat' dir='ltr'><strong>Sic</strong></span> <span class='ocrx_word' id='word_1_89' title='bbox 983 1877 1014 1910; x_wconf 88' lang='lat' dir='ltr'><strong>e</strong></span> <span class='ocrx_word' id='word_1_90' title='bbox 1033 1858 1186 1910; x_wconf 83' lang='lat' dir='ltr'>MSS·</span> <span class='ocrx_word' id='word_1_91' title='bbox 1211 1856 1380 1911; x_wconf 83' lang='lat' dir='ltr'><strong>Hard.</strong></span> <span class='ocrx_word' id='word_1_92' title='bbox 1402 1855 1735 1923; x_wconf 74' lang='lat' dir='ltr'><strong>emendavit,</strong></span> 
     </span>
     <span class='ocr_line' id='line_1_19' title="bbox 704 1938 1733 2010; baseline -0.002 -18"><span class='ocrx_word' id='word_1_93' title='bbox 704 1951 975 2010; x_wconf 50' lang='lat' dir='ltr'><strong>praeeunte</strong></span> <span class='ocrx_word' id='word_1_94' title='bbox 1059 1938 1326 1992; x_wconf 85' lang='lat' dir='ltr'><strong>Pintiano.</strong></span> <span class='ocrx_word' id='word_1_95' title='bbox 1405 1939 1733 2008; x_wconf 67' lang='lat' dir='ltr'><strong>FastIgioteam</strong></span> 
     </span>
     <span class='ocr_line' id='line_1_20' title="bbox 707 2017 1223 2087; baseline -0.004 -15"><span class='ocrx_word' id='word_1_96' title='bbox 707 2020 876 2087; x_wconf 77' lang='lat' dir='ltr'><strong>Gron.</strong></span> <span class='ocrx_word' id='word_1_97' title='bbox 906 2032 958 2072; x_wconf 91' lang='lat' dir='ltr'><strong>et</strong></span> <span class='ocrx_word' id='word_1_98' title='bbox 987 2017 1096 2071; x_wconf 86' lang='lat' dir='ltr'><strong>alii.</strong></span> <span class='ocrx_word' id='word_1_99' title='bbox 1119 2018 1223 2070; x_wconf 85' lang='lat' dir='ltr'><strong>En.</strong></span> 
     </span>
    </p>

    <p class='ocr_par' dir='ltr' id='par_1_10' title="bbox 705 2097 1739 2488">
     <span class='ocr_line' id='line_1_21' title="bbox 739 2097 1731 2168; baseline 0 -20"><span class='ocrx_word' id='word_1_100' title='bbox 739 2149 748 2156; x_wconf 79' lang='grc'>,</span> <span class='ocrx_word' id='word_1_101' title='bbox 789 2118 841 2168; x_wconf 90' lang='lat'><strong>7.</strong></span> <span class='ocrx_word' id='word_1_102' title='bbox 859 2097 1037 2160; x_wconf 72' lang='lat' dir='ltr'><strong>Thyrsi</strong></span> <span class='ocrx_word' id='word_1_103' title='bbox 1055 2098 1196 2150; x_wconf 86' lang='lat' dir='ltr'><strong>modo</strong></span> <span class='ocrx_word' id='word_1_104' title='bbox 1221 2117 1446 2150; x_wconf 76' lang='lat' dir='ltr'><em>cacumen</em></span> <span class='ocrx_word' id='word_1_105' title='bbox 1471 2098 1731 2150; x_wconf 79' lang='lat' dir='ltr'><strong>includens.</strong></span> 
     </span>
     <span class='ocr_line' id='line_1_22' title="bbox 705 2177 1730 2249; baseline 0.002 -18"><span class='ocrx_word' id='word_1_106' title='bbox 705 2177 870 2246; x_wconf 84' lang='lat' dir='ltr'><strong>Quod</strong></span> <span class='ocrx_word' id='word_1_107' title='bbox 921 2179 1284 2249; x_wconf 85' lang='lat' dir='ltr'><strong>Theophrast·</strong></span> <span class='ocrx_word' id='word_1_108' title='bbox 1335 2177 1471 2244; x_wconf 82' lang='lat' dir='ltr'><strong>dixit</strong></span> <span class='ocrx_word' id='word_1_109' title='bbox 1495 2217 1513 2247; x_wconf 84' lang='lat'><strong>,</strong></span> <span class='ocrx_word' id='word_1_110' title='bbox 1577 2181 1730 2248; x_wconf 75' lang='grc' dir='ltr'><strong>κόμην</strong></span> 
     </span>
     <span class='ocr_line' id='line_1_23' title="bbox 705 2249 1739 2340; baseline -0.003 -29"><span class='ocrx_word' id='word_1_111' title='bbox 705 2249 932 2327; x_wconf 87' lang='lat' dir='ltr'><strong>(Strabo</strong></span> <span class='ocrx_word' id='word_1_112' title='bbox 982 2254 1194 2326; x_wconf 76' lang='grc' dir='ltr'><strong>χαίτην)</strong></span> <span class='ocrx_word' id='word_1_113' title='bbox 1243 2259 1446 2325; x_wconf 74' lang='grc' dir='ltr'><strong>ἔχοντας</strong></span> <span class='ocrx_word' id='word_1_114' title='bbox 1493 2257 1691 2326; x_wconf 63' lang='grc' dir='ltr'><strong>ἀχρείων</strong></span> <span class='ocrx_word' id='word_1_115' title='bbox 1714 2293 1739 2340; x_wconf 60' lang='grc' dir='ltr'><strong>,Ι</strong></span> 
     </span>
     <span class='ocr_line' id='line_1_24' title="bbox 706 2333 1733 2400; baseline -0.005 -8"><span class='ocrx_word' id='word_1_116' title='bbox 706 2340 884 2396; x_wconf 72' lang='grc' dir='ltr'><strong>ἀσθενῆ</strong></span> <span class='ocrx_word' id='word_1_117' title='bbox 899 2377 914 2400; x_wconf 86' lang='grc'><strong>,</strong></span> <span class='ocrx_word' id='word_1_118' title='bbox 947 2338 1152 2390; x_wconf 79' lang='lat' dir='ltr'>Plinius</span> <span class='ocrx_word' id='word_1_119' title='bbox 1175 2337 1262 2390; x_wconf 87' lang='lat' dir='ltr'><strong>his</strong></span> <span class='ocrx_word' id='word_1_120' title='bbox 1283 2337 1456 2388; x_wconf 85' lang='lat' dir='ltr'><strong>verbis</strong></span> <span class='ocrx_word' id='word_1_121' title='bbox 1471 2333 1733 2400; x_wconf 84' lang='lat' dir='ltr'><strong>reddidit,</strong></span> 
     </span>
     <span class='ocr_line' id='line_1_25' title="bbox 707 2417 1729 2488; baseline -0.007 -16"><span class='ocrx_word' id='word_1_122' title='bbox 707 2437 875 2488; x_wconf 87' lang='lat' dir='ltr'><strong>quum</strong></span> <span class='ocrx_word' id='word_1_123' title='bbox 931 2417 1104 2488; x_wconf 87' lang='lat' dir='ltr'><strong>aptius</strong></span> <span class='ocrx_word' id='word_1_124' title='bbox 1149 2429 1314 2481; x_wconf 88' lang='lat' dir='ltr'><strong>esset,</strong></span> <span class='ocrx_word' id='word_1_125' title='bbox 1381 2440 1404 2461; x_wconf 78' lang='grc' dir='ltr'>ι</span> <span class='ocrx_word' id='word_1_126' title='bbox 1432 2433 1640 2467; x_wconf 85' lang='lat' dir='ltr'><strong>comam</strong></span> <span class='ocrx_word' id='word_1_127' title='bbox 1671 2439 1729 2477; x_wconf 74' lang='grc' dir='ltr'><strong>ι,</strong></span> 
     </span>
    </p>
   </div>
   <div class='ocr_carea' id='block_1_8' title="bbox 1820 983 2859 2408">
    <p class='ocr_par' dir='ltr' id='par_1_11' title="bbox 1822 983 2859 1207">
     <span class='ocr_line' id='line_1_26' title="bbox 1824 983 2859 1052; baseline 0.003 -18"><span class='ocrx_word' id='word_1_128' title='bbox 1824 983 2101 1052; x_wconf 82' lang='lat' dir='ltr'><strong>pulchram</strong></span> <span class='ocrx_word' id='word_1_129' title='bbox 2145 983 2407 1035; x_wconf 76' lang='lat' dir='ltr'><strong>caesariem</strong></span> <span class='ocrx_word' id='word_1_130' title='bbox 2431 1009 2455 1030; x_wconf 73' lang='grc' dir='ltr'>ι</span> <span class='ocrx_word' id='word_1_131' title='bbox 2490 995 2675 1049; x_wconf 80' lang='lat' dir='ltr'><strong>vocat,</strong></span> <span class='ocrx_word' id='word_1_132' title='bbox 2707 1010 2731 1031; x_wconf 70' lang='grc' dir='ltr'>ι</span> <span class='ocrx_word' id='word_1_133' title='bbox 2756 984 2859 1036; x_wconf 84' lang='lat' dir='ltr'><strong>vir·</strong></span> 
     </span>
     <span class='ocr_line' id='line_1_27' title="bbox 1822 1061 2851 1133; baseline 0 -19"><span class='ocrx_word' id='word_1_134' title='bbox 1822 1063 1980 1133; x_wconf 82' lang='lat' dir='ltr'><strong>gultis</strong></span> <span class='ocrx_word' id='word_1_135' title='bbox 2024 1062 2322 1115; x_wconf 84' lang='lat' dir='ltr'><strong>molliorem</strong></span> <span class='ocrx_word' id='word_1_136' title='bbox 2346 1100 2365 1124; x_wconf 85' lang='lat'><strong>,</strong></span> <span class='ocrx_word' id='word_1_137' title='bbox 2431 1063 2613 1115; x_wconf 83' lang='lat' dir='ltr'><strong>herbis</strong></span> <span class='ocrx_word' id='word_1_138' title='bbox 2662 1061 2851 1116; x_wconf 86' lang='lat' dir='ltr'><strong>durio·</strong></span> 
     </span>
     <span class='ocr_line' id='line_1_28' title="bbox 1822 1141 2797 1207; baseline 0.002 -13"><span class='ocrx_word' id='word_1_139' title='bbox 1822 1161 1969 1207; x_wconf 87' lang='lat' dir='ltr'><strong>rem,</strong></span> <span class='ocrx_word' id='word_1_140' title='bbox 1996 1153 2096 1196; x_wconf 89' lang='lat' dir='ltr'><strong>etc.</strong></span> <span class='ocrx_word' id='word_1_141' title='bbox 2128 1169 2150 1190; x_wconf 76' lang='grc' dir='ltr'><strong>ι</strong></span> <span class='ocrx_word' id='word_1_142' title='bbox 2188 1141 2371 1196; x_wconf 58' lang='lat' dir='ltr'><strong>Ham).</strong></span> <span class='ocrx_word' id='word_1_143' title='bbox 2790 1143 2797 1148; x_wconf 81' lang='grc'><strong>’</strong></span> 
     </span>
    </p>

    <p class='ocr_par' dir='ltr' id='par_1_12' title="bbox 1822 1219 2857 1532">
     <span class='ocr_line' id='line_1_29' title="bbox 1907 1219 2855 1292; baseline -0.002 -16"><span class='ocrx_word' id='word_1_144' title='bbox 1907 1223 1960 1276; x_wconf 89' lang='grc'><strong>8.</strong></span> <span class='ocrx_word' id='word_1_145' title='bbox 1998 1220 2184 1274; x_wconf 76' lang='lat' dir='ltr'><strong>Semine</strong></span> <span class='ocrx_word' id='word_1_146' title='bbox 2220 1222 2366 1274; x_wconf 78' lang='lat' dir='ltr'><strong>nullo.</strong></span> <span class='ocrx_word' id='word_1_147' title='bbox 2396 1219 2677 1292; x_wconf 86' lang='lat' dir='ltr'><strong>Theophr.</strong></span> <span class='ocrx_word' id='word_1_148' title='bbox 2706 1225 2855 1292; x_wconf 70' lang='grc' dir='ltr'>’Καρ-</span> 
     </span>
     <span class='ocr_line' id='line_1_30' title="bbox 1822 1295 2857 1373; baseline 0.001 -19"><span class='ocrx_word' id='word_1_149' title='bbox 1822 1309 1911 1354; x_wconf 86' lang='grc' dir='ltr'><strong>πὸν</strong></span> <span class='ocrx_word' id='word_1_150' title='bbox 1941 1298 2000 1356; x_wconf 66' lang='grc' dir='ltr'><strong>δὲ</strong></span> <span class='ocrx_word' id='word_1_151' title='bbox 2029 1301 2147 1364; x_wconf 80' lang='grc' dir='ltr'><strong>ὅλως</strong></span> <span class='ocrx_word' id='word_1_152' title='bbox 2185 1295 2380 1354; x_wconf 65' lang='grc' dir='ltr'><strong>οὐδένα..</strong></span> <span class='ocrx_word' id='word_1_153' title='bbox 2405 1301 2557 1353; x_wconf 85' lang='grc' dir='ltr'><strong>Η.--</strong></span> <span class='ocrx_word' id='word_1_154' title='bbox 2570 1302 2691 1354; x_wconf 89' lang='lat' dir='ltr'><strong>Imo</strong></span> <span class='ocrx_word' id='word_1_155' title='bbox 2719 1316 2857 1373; x_wconf 81' lang='lat' dir='ltr'><strong>quot</strong></span> 
     </span>
     <span class='ocr_line' id='line_1_31' title="bbox 1822 1377 2857 1452; baseline 0.004 -20"><span class='ocrx_word' id='word_1_156' title='bbox 1822 1381 2139 1452; x_wconf 72' lang='lat' dir='ltr'><strong>squamulae,</strong></span> <span class='ocrx_word' id='word_1_157' title='bbox 2175 1393 2253 1434; x_wconf 84' lang='lat' dir='ltr'><strong>tot</strong></span> <span class='ocrx_word' id='word_1_158' title='bbox 2280 1377 2471 1443; x_wconf 85' lang='lat' dir='ltr'><strong>flores,</strong></span> <span class='ocrx_word' id='word_1_159' title='bbox 2511 1390 2596 1433; x_wconf 87' lang='lat' dir='ltr'><strong>tot</strong></span> <span class='ocrx_word' id='word_1_160' title='bbox 2626 1381 2857 1436; x_wconf 87' lang='lat' dir='ltr'><strong>semina.</strong></span> 
     </span>
     <span class='ocr_line' id='line_1_32' title="bbox 1822 1458 2455 1532; baseline 0 -21"><span class='ocrx_word' id='word_1_161' title='bbox 1822 1459 1963 1513; x_wconf 86' lang='lat' dir='ltr'><strong>Vide</strong></span> <span class='ocrx_word' id='word_1_162' title='bbox 1992 1473 2175 1513; x_wconf 85' lang='lat' dir='ltr'><strong>notam</strong></span> <span class='ocrx_word' id='word_1_163' title='bbox 2202 1479 2313 1532; x_wconf 89' lang='lat' dir='ltr'><strong>seq.</strong></span> <span class='ocrx_word' id='word_1_164' title='bbox 2348 1458 2455 1512; x_wconf 83' lang='lat' dir='ltr'><strong>En.</strong></span> 
     </span>
    </p>

    <p class='ocr_par' dir='ltr' id='par_1_13' title="bbox 1820 1539 2859 2408">
     <span class='ocr_line' id='line_1_33' title="bbox 1903 1539 2854 1610; baseline 0.004 -18"><span class='ocrx_word' id='word_1_165' title='bbox 1903 1560 1956 1609; x_wconf 89' lang='lat'><strong>9.</strong></span> <span class='ocrx_word' id='word_1_166' title='bbox 1983 1541 2142 1610; x_wconf 81' lang='lat' dir='ltr'><strong>Quam</strong></span> <span class='ocrx_word' id='word_1_167' title='bbox 2148 1540 2297 1610; x_wconf 80' lang='lat' dir='ltr'><strong>floris</strong></span> <span class='ocrx_word' id='word_1_168' title='bbox 2318 1540 2389 1591; x_wconf 85' lang='lat' dir='ltr'><strong>ad</strong></span> <span class='ocrx_word' id='word_1_169' title='bbox 2401 1539 2513 1590; x_wconf 78' lang='lat' dir='ltr'><strong>deos</strong></span> <span class='ocrx_word' id='word_1_170' title='bbox 2534 1542 2854 1596; x_wconf 74' lang='lat' dir='ltr'><strong>coronandos.</strong></span> 
     </span>
     <span class='ocr_line' id='line_1_34' title="bbox 1820 1617 2857 1692; baseline 0.004 -22"><span class='ocrx_word' id='word_1_171' title='bbox 1820 1617 2135 1673; x_wconf 82' lang='lat' dir='ltr'><strong>Plutarchus</strong></span> <span class='ocrx_word' id='word_1_172' title='bbox 2162 1619 2217 1670; x_wconf 87' lang='lat' dir='ltr'><strong>in</strong></span> <span class='ocrx_word' id='word_1_173' title='bbox 2238 1619 2485 1692; x_wconf 78' lang='lat' dir='ltr'><strong>Agesilao</strong></span> <span class='ocrx_word' id='word_1_174' title='bbox 2513 1619 2700 1673; x_wconf 87' lang='lat' dir='ltr'><strong>scribit</strong></span> <span class='ocrx_word' id='word_1_175' title='bbox 2734 1639 2857 1674; x_wconf 77' lang='lat' dir='ltr'><strong>eum</strong></span> 
     </span>
     <span class='ocr_line' id='line_1_35' title="bbox 1820 1697 2858 1772; baseline 0.003 -21"><span class='ocrx_word' id='word_1_176' title='bbox 1820 1718 2028 1772; x_wconf 78' lang='lat' dir='ltr'><strong>papyro</strong></span> <span class='ocrx_word' id='word_1_177' title='bbox 2047 1697 2319 1752; x_wconf 87' lang='lat' dir='ltr'><strong>coronaria</strong></span> <span class='ocrx_word' id='word_1_178' title='bbox 2348 1697 2664 1752; x_wconf 87' lang='lat' dir='ltr'><strong>delectatum</strong></span> <span class='ocrx_word' id='word_1_179' title='bbox 2698 1700 2858 1754; x_wconf 74' lang='lat' dir='ltr'><strong>fuisse</strong></span> 
     </span>
     <span class='ocr_line' id='line_1_36' title="bbox 1821 1777 2859 1853; baseline 0.002 -23"><span class='ocrx_word' id='word_1_180' title='bbox 1821 1781 1905 1834; x_wconf 80' lang='lat' dir='ltr'><strong>ob,</strong></span> <span class='ocrx_word' id='word_1_181' title='bbox 1920 1785 2239 1832; x_wconf 86' lang='lat' dir='ltr'><strong>coronarum</strong></span> <span class='ocrx_word' id='word_1_182' title='bbox 2268 1777 2665 1853; x_wconf 85' lang='lat' dir='ltr'><strong>simplicitatem</strong></span> <span class='ocrx_word' id='word_1_183' title='bbox 2682 1819 2701 1844; x_wconf 88' lang='lat'><strong>,</strong></span> <span class='ocrx_word' id='word_1_184' title='bbox 2716 1799 2859 1832; x_wconf 86' lang='lat' dir='ltr'><strong>eam·</strong></span> 
     </span>
     <span class='ocr_line' id='line_1_37' title="bbox 1822 1855 2855 1930; baseline 0.002 -19"><span class='ocrx_word' id='word_1_185' title='bbox 1822 1877 1927 1930; x_wconf 91' lang='lat' dir='ltr'><strong>que</strong></span> <span class='ocrx_word' id='word_1_186' title='bbox 1961 1855 2315 1913; x_wconf 83' lang='lat' dir='ltr'><strong>discedentem</strong></span> <span class='ocrx_word' id='word_1_187' title='bbox 2352 1876 2383 1911; x_wconf 85' lang='lat' dir='ltr'><strong>a</strong></span> <span class='ocrx_word' id='word_1_188' title='bbox 2409 1876 2536 1930; x_wconf 87' lang='lat' dir='ltr'><strong>rege</strong></span> <span class='ocrx_word' id='word_1_189' title='bbox 2558 1859 2773 1930; x_wconf 85' lang='lat' dir='ltr'><strong>petiisse</strong></span> <span class='ocrx_word' id='word_1_190' title='bbox 2802 1873 2855 1914; x_wconf 87' lang='lat' dir='ltr'><strong>et</strong></span> 
     </span>
     <span class='ocr_line' id='line_1_38' title="bbox 1822 1938 2856 2012; baseline 0 -22"><span class='ocrx_word' id='word_1_191' title='bbox 1822 1939 2098 2012; x_wconf 84' lang='lat' dir='ltr'><strong>accepisse.</strong></span> <span class='ocrx_word' id='word_1_192' title='bbox 2123 1938 2411 1990; x_wconf 75' lang='lat' dir='ltr'><strong>Athenaeus</strong></span> <span class='ocrx_word' id='word_1_193' title='bbox 2431 1957 2557 1990; x_wconf 81' lang='lat' dir='ltr'><strong>vero</strong></span> <span class='ocrx_word' id='word_1_194' title='bbox 2575 1971 2590 1995; x_wconf 90' lang='lat'><strong>,</strong></span> <span class='ocrx_word' id='word_1_195' title='bbox 2616 1939 2711 1992; x_wconf 89' lang='lat' dir='ltr'><strong>lib.</strong></span> <span class='ocrx_word' id='word_1_196' title='bbox 2730 1939 2856 1998; x_wconf 79' lang='lat' dir='ltr'><strong>XV,</strong></span> 
     </span>
     <span class='ocr_line' id='line_1_39' title="bbox 1821 2017 2853 2090; baseline 0.003 -20"><span class='ocrx_word' id='word_1_197' title='bbox 1821 2017 1962 2070; x_wconf 89' lang='lat' dir='ltr'><strong>ridet</strong></span> <span class='ocrx_word' id='word_1_198' title='bbox 1986 2037 2075 2071; x_wconf 88' lang='lat' dir='ltr'><strong>eos</strong></span> <span class='ocrx_word' id='word_1_199' title='bbox 2100 2018 2192 2088; x_wconf 87' lang='lat' dir='ltr'><strong>qui</strong></span> <span class='ocrx_word' id='word_1_200' title='bbox 2220 2029 2475 2090; x_wconf 84' lang='lat' dir='ltr'><strong>putarunt</strong></span> <span class='ocrx_word' id='word_1_201' title='bbox 2491 2035 2521 2069; x_wconf 92' lang='lat' dir='ltr'><strong>e</strong></span> <span class='ocrx_word' id='word_1_202' title='bbox 2552 2036 2769 2088; x_wconf 83' lang='lat' dir='ltr'><strong>papyro</strong></span> <span class='ocrx_word' id='word_1_203' title='bbox 2799 2032 2853 2073; x_wconf 83' lang='lat' dir='ltr'><strong>et</strong></span> 
     </span>
     <span class='ocr_line' id='line_1_40' title="bbox 1822 2095 2851 2168; baseline 0.001 -18"><span class='ocrx_word' id='word_1_204' title='bbox 1822 2100 1953 2151; x_wconf 88' lang='lat' dir='ltr'><strong>rosis</strong></span> <span class='ocrx_word' id='word_1_205' title='bbox 2010 2115 2231 2150; x_wconf 85' lang='lat' dir='ltr'><strong>coronas</strong></span> <span class='ocrx_word' id='word_1_206' title='bbox 2292 2096 2407 2149; x_wconf 80' lang='lat' dir='ltr'><strong>fieri</strong></span> <span class='ocrx_word' id='word_1_207' title='bbox 2449 2115 2463 2148; x_wconf 89' lang='lat'>:</span> <span class='ocrx_word' id='word_1_208' title='bbox 2524 2095 2692 2168; x_wconf 87' lang='lat' dir='ltr'><strong>idque</strong></span> <span class='ocrx_word' id='word_1_209' title='bbox 2740 2117 2851 2151; x_wconf 89' lang='lat' dir='ltr'><strong>non</strong></span> 
     </span>
     <span class='ocr_line' id='line_1_41' title="bbox 1824 2175 2853 2249; baseline 0.003 -21"><span class='ocrx_word' id='word_1_210' title='bbox 1824 2177 2004 2230; x_wconf 87' lang='lat' dir='ltr'><strong>minus</strong></span> <span class='ocrx_word' id='word_1_211' title='bbox 2028 2175 2317 2229; x_wconf 84' lang='lat' dir='ltr'><strong>absurdum</strong></span> <span class='ocrx_word' id='word_1_212' title='bbox 2350 2194 2461 2229; x_wconf 88' lang='lat' dir='ltr'><strong>esse</strong></span> <span class='ocrx_word' id='word_1_213' title='bbox 2482 2175 2663 2244; x_wconf 85' lang='lat' dir='ltr'><strong>tradit,</strong></span> <span class='ocrx_word' id='word_1_214' title='bbox 2686 2197 2853 2249; x_wconf 81' lang='lat' dir='ltr'><strong>quam</strong></span> 
     </span>
     <span class='ocr_line' id='line_1_42' title="bbox 1822 2249 2857 2310; baseline 0.003 -2"><span class='ocrx_word' id='word_1_215' title='bbox 1822 2249 1871 2308; x_wconf 74' lang='lat' dir='ltr'><strong>si*</strong></span> <span class='ocrx_word' id='word_1_216' title='bbox 1896 2275 1957 2310; x_wconf 82' lang='lat' dir='ltr'><strong>ex</strong></span> <span class='ocrx_word' id='word_1_217' title='bbox 1985 2257 2110 2310; x_wconf 85' lang='lat' dir='ltr'><strong>allio</strong></span> <span class='ocrx_word' id='word_1_218' title='bbox 2146 2269 2198 2310; x_wconf 87' lang='lat' dir='ltr'><strong>et</strong></span> <span class='ocrx_word' id='word_1_219' title='bbox 2229 2276 2348 2308; x_wconf 88' lang='lat' dir='ltr'><strong>rosa</strong></span> <span class='ocrx_word' id='word_1_220' title='bbox 2378 2275 2575 2309; x_wconf 87' lang='lat' dir='ltr'><strong>corona</strong></span> <span class='ocrx_word' id='word_1_221' title='bbox 2614 2271 2857 2310; x_wconf 81' lang='lat' dir='ltr'><strong>nectere-</strong></span> 
     </span>
     <span class='ocr_line' id='line_1_43' title="bbox 1823 2335 2855 2408; baseline 0.001 -19"><span class='ocrx_word' id='word_1_222' title='bbox 1823 2347 1929 2402; x_wconf 86' lang='lat' dir='ltr'><strong>tur,</strong></span> <span class='ocrx_word' id='word_1_223' title='bbox 1954 2348 2140 2407; x_wconf 88' lang='lat' dir='ltr'><strong>utpote</strong></span> <span class='ocrx_word' id='word_1_224' title='bbox 2162 2355 2371 2407; x_wconf 83' lang='lat' dir='ltr'><strong>papyro</strong></span> <span class='ocrx_word' id='word_1_225' title='bbox 2408 2353 2567 2408; x_wconf 82' lang='lat' dir='ltr'><strong>grave</strong></span> <span class='ocrx_word' id='word_1_226' title='bbox 2595 2335 2855 2407; x_wconf 81' lang='lat' dir='ltr'><strong>quiddam</strong></span> 
     </span>
    </p>
   </div>
   <div class='ocr_carea' id='block_1_9' title="bbox 1822 2417 2855 2486">
    <p class='ocr_par' dir='ltr' id='par_1_14' title="bbox 1822 2417 2855 2486">
     <span class='ocr_line' id='line_1_44' title="bbox 1822 2417 2855 2486; baseline 0.001 -18"><span class='ocrx_word' id='word_1_227' title='bbox 1822 2428 1877 2468; x_wconf 88' lang='lat' dir='ltr'><strong>et</strong></span> <span class='ocrx_word' id='word_1_228' title='bbox 1911 2435 2178 2470; x_wconf 82' lang='lat' dir='ltr'><strong>coenosum</strong></span> <span class='ocrx_word' id='word_1_229' title='bbox 2218 2417 2414 2468; x_wconf 84' lang='lat' dir='ltr'><strong>olente.</strong></span> <span class='ocrx_word' id='word_1_230' title='bbox 2440 2417 2672 2469; x_wconf 74' lang='lat' dir='ltr'><strong>Du..—</strong></span> <span class='ocrx_word' id='word_1_231' title='bbox 2691 2417 2855 2486; x_wconf 72' lang='lat' dir='ltr'><strong>Quam</strong></span> 
     </span>
    </p>
   </div>
   <div class='ocr_carea' id='block_1_10' title="bbox 703 2492 2859 2568">
    <p class='ocr_par' dir='ltr' id='par_1_15' title="bbox 703 2492 2859 2568">
     <span class='ocr_line' id='line_1_45' title="bbox 703 2492 2859 2568; baseline -0 -19"><span class='ocrx_word' id='word_1_232' title='bbox 703 2499 815 2550; x_wconf 82' lang='lat' dir='ltr'><strong>sive</strong></span> <span class='ocrx_word' id='word_1_233' title='bbox 850 2498 1074 2566; x_wconf 79' lang='lat' dir='ltr'><strong>«jubam</strong></span> <span class='ocrx_word' id='word_1_234' title='bbox 1105 2493 1354 2548; x_wconf 87' lang='lat' dir='ltr'><strong>inutilem</strong></span> <span class='ocrx_word' id='word_1_235' title='bbox 1395 2492 1628 2558; x_wconf 81' lang='lat' dir='ltr'><strong>habens,</strong></span> <span class='ocrx_word' id='word_1_236' title='bbox 1658 2508 1735 2547; x_wconf 88' lang='lat' dir='ltr'><strong>at·</strong></span> <span class='ocrx_word' id='word_1_237' title='bbox 1806 2497 1974 2566; x_wconf 74' lang='lat' dir='ltr'><strong>floris.</strong></span> <span class='ocrx_word' id='word_1_238' title='bbox 2002 2495 2106 2568; x_wconf 69' lang='lat' dir='ltr'><strong>Pro</strong></span> <span class='ocrx_word' id='word_1_239' title='bbox 2124 2493 2348 2548; x_wconf 86' lang='lat' dir='ltr'><strong>floribus</strong></span> <span class='ocrx_word' id='word_1_240' title='bbox 2367 2535 2381 2560; x_wconf 94' lang='lat'><strong>,</strong></span> <span class='ocrx_word' id='word_1_241' title='bbox 2410 2494 2621 2566; x_wconf 86' lang='lat' dir='ltr'><strong>inquit,</strong></span> <span class='ocrx_word' id='word_1_242' title='bbox 2649 2515 2859 2568; x_wconf 79' lang='lat' dir='ltr'><strong>papyro</strong></span> 
     </span>
    </p>
   </div>
   <div class='ocr_carea' id='block_1_11' title="bbox 703 2571 1736 4001">
    <p class='ocr_par' dir='ltr' id='par_1_16' title="bbox 703 2571 1736 4001">
     <span class='ocr_line' id='line_1_46' title="bbox 705 2571 1733 2648; baseline -0.004 -19"><span class='ocrx_word' id='word_1_243' title='bbox 705 2595 811 2648; x_wconf 89' lang='lat' dir='ltr'><strong>que</strong></span> <span class='ocrx_word' id='word_1_244' title='bbox 841 2573 1147 2630; x_wconf 77' lang='lat' dir='ltr'><strong>invalidam.</strong></span> <span class='ocrx_word' id='word_1_245' title='bbox 1177 2599 1199 2620; x_wconf 68' lang='lat' dir='ltr'>n</span> <span class='ocrx_word' id='word_1_246' title='bbox 1236 2571 1356 2625; x_wconf 91' lang='lat' dir='ltr'><strong>Non</strong></span> <span class='ocrx_word' id='word_1_247' title='bbox 1393 2591 1582 2642; x_wconf 86' lang='lat' dir='ltr'><strong>parum</strong></span> <span class='ocrx_word' id='word_1_248' title='bbox 1609 2591 1733 2626; x_wconf 85' lang='lat' dir='ltr'><strong>sane</strong></span> 
     </span>
     <span class='ocr_line' id='line_1_47' title="bbox 707 2653 1734 2733; baseline -0.003 -25"><span class='ocrx_word' id='word_1_249' title='bbox 707 2654 970 2725; x_wconf 77' lang='lat' dir='ltr'><strong>discrepat</strong></span> <span class='ocrx_word' id='word_1_250' title='bbox 1024 2653 1239 2724; x_wconf 77' lang='lat' dir='ltr'><strong>thyrsus</strong></span> <span class='ocrx_word' id='word_1_251' title='bbox 1291 2669 1321 2704; x_wconf 86' lang='lat' dir='ltr'><strong>a</strong></span> <span class='ocrx_word' id='word_1_252' title='bbox 1378 2671 1549 2704; x_wconf 86' lang='lat' dir='ltr'><strong>coma.</strong></span> <span class='ocrx_word' id='word_1_253' title='bbox 1606 2653 1734 2733; x_wconf 70' lang='grc' dir='ltr'><strong>ῌωο</strong></span> 
     </span>
     <span class='ocr_line' id='line_1_48' title="bbox 706 2730 1734 2806; baseline -0.003 -19"><span class='ocrx_word' id='word_1_254' title='bbox 706 2733 850 2788; x_wconf 87' lang='lat' dir='ltr'><strong>enim</strong></span> <span class='ocrx_word' id='word_1_255' title='bbox 879 2747 1215 2806; x_wconf 86' lang='lat' dir='ltr'><strong>exporrecta,</strong></span> <span class='ocrx_word' id='word_1_256' title='bbox 1246 2730 1440 2784; x_wconf 81' lang='lat' dir='ltr'><strong>diffusa</strong></span> <span class='ocrx_word' id='word_1_257' title='bbox 1475 2749 1537 2783; x_wconf 91' lang='lat' dir='ltr'><strong>ac</strong></span> <span class='ocrx_word' id='word_1_258' title='bbox 1570 2731 1734 2801; x_wconf 81' lang='lat' dir='ltr'><strong>expli·</strong></span> 
     </span>
     <span class='ocr_line' id='line_1_49' title="bbox 706 2803 1731 2878; baseline -0.004 -11"><span class='ocrx_word' id='word_1_259' title='bbox 706 2825 820 2867; x_wconf 83' lang='lat' dir='ltr'><strong>cata</strong></span> <span class='ocrx_word' id='word_1_260' title='bbox 869 2825 976 2878; x_wconf 89' lang='lat' dir='ltr'><strong>est,</strong></span> <span class='ocrx_word' id='word_1_261' title='bbox 1025 2803 1094 2864; x_wconf 62' lang='lat' dir='ltr'><strong>in‘</strong></span> <span class='ocrx_word' id='word_1_262' title='bbox 1130 2811 1279 2863; x_wconf 88' lang='lat' dir='ltr'><strong>milio</strong></span> <span class='ocrx_word' id='word_1_263' title='bbox 1332 2824 1386 2863; x_wconf 87' lang='lat' dir='ltr'><strong>ct</strong></span> <span class='ocrx_word' id='word_1_264' title='bbox 1439 2808 1731 2876; x_wconf 72' lang='lat' dir='ltr'><strong>arundine,</strong></span> 
     </span>
     <span class='ocr_line' id='line_1_50' title="bbox 707 2890 1731 2962; baseline -0.004 -16"><span class='ocrx_word' id='word_1_265' title='bbox 707 2893 922 2946; x_wconf 86' lang='lat' dir='ltr'><strong>Plinio:</strong></span> <span class='ocrx_word' id='word_1_266' title='bbox 971 2893 1186 2962; x_wconf 79' lang='lat' dir='ltr'><strong>thyrsus</strong></span> <span class='ocrx_word' id='word_1_267' title='bbox 1221 2908 1350 2942; x_wconf 81' lang='lat' dir='ltr'><strong>vero</strong></span> <span class='ocrx_word' id='word_1_268' title='bbox 1385 2891 1440 2943; x_wconf 90' lang='lat' dir='ltr'><strong>in</strong></span> <span class='ocrx_word' id='word_1_269' title='bbox 1475 2890 1731 2962; x_wconf 87' lang='lat' dir='ltr'><strong>spicatam</strong></span> 
     </span>
     <span class='ocr_line' id='line_1_51' title="bbox 706 2971 1735 3044; baseline -0.002 -19"><span class='ocrx_word' id='word_1_270' title='bbox 706 2973 1006 3044; x_wconf 78' lang='lat' dir='ltr'><strong>congeriem</strong></span> <span class='ocrx_word' id='word_1_271' title='bbox 1029 2972 1270 3042; x_wconf 86' lang='lat' dir='ltr'><strong>stipatus,</strong></span> <span class='ocrx_word' id='word_1_272' title='bbox 1301 2981 1363 3023; x_wconf 89' lang='lat' dir='ltr'><strong>ut</strong></span> <span class='ocrx_word' id='word_1_273' title='bbox 1388 2971 1444 3022; x_wconf 88' lang='lat' dir='ltr'><strong>in</strong></span> <span class='ocrx_word' id='word_1_274' title='bbox 1464 2971 1735 3037; x_wconf 84' lang='lat' dir='ltr'><strong>alismatis,</strong></span> 
     </span>
     <span class='ocr_line' id='line_1_52' title="bbox 707 3048 1732 3114; baseline -0.001 -10"><span class='ocrx_word' id='word_1_275' title='bbox 707 3066 761 3105; x_wconf 89' lang='lat' dir='ltr'><strong>et</strong></span> <span class='ocrx_word' id='word_1_276' title='bbox 811 3052 1020 3106; x_wconf 82' lang='lat' dir='ltr'><strong>acanthi</strong></span> <span class='ocrx_word' id='word_1_277' title='bbox 1062 3051 1243 3114; x_wconf 85' lang='lat' dir='ltr'><strong>caule,</strong></span> <span class='ocrx_word' id='word_1_278' title='bbox 1295 3068 1322 3102; x_wconf 88' lang='lat' dir='ltr'><strong>a</strong></span> <span class='ocrx_word' id='word_1_279' title='bbox 1383 3048 1732 3103; x_wconf 87' lang='lat' dir='ltr'><strong>similitudine</strong></span> 
     </span>
     <span class='ocr_line' id='line_1_53' title="bbox 707 3131 1732 3206; baseline -0.003 -22"><span class='ocrx_word' id='word_1_280' title='bbox 707 3133 877 3206; x_wconf 89' lang='lat' dir='ltr'><strong>thyrsi</strong></span> <span class='ocrx_word' id='word_1_281' title='bbox 935 3131 1183 3184; x_wconf 88' lang='lat' dir='ltr'><strong>Bacchici</strong></span> <span class='ocrx_word' id='word_1_282' title='bbox 1247 3143 1459 3183; x_wconf 84' lang='lat' dir='ltr'><strong>vocatus</strong></span> <span class='ocrx_word' id='word_1_283' title='bbox 1485 3171 1501 3195; x_wconf 89' lang='lat'><strong>,</strong></span> <span class='ocrx_word' id='word_1_284' title='bbox 1571 3145 1732 3200; x_wconf 87' lang='lat' dir='ltr'><strong>quem</strong></span> 
     </span>
     <span class='ocr_line' id='line_1_54' title="bbox 705 3209 1733 3264; baseline -0.004 0"><span class='ocrx_word' id='word_1_285' title='bbox 705 3210 1012 3264; x_wconf 80' lang='lat' dir='ltr'><strong>Macrobius</strong></span> <span class='ocrx_word' id='word_1_286' title='bbox 1029 3213 1194 3263; x_wconf 86' lang='lat' dir='ltr'><strong>telum</strong></span> <span class='ocrx_word' id='word_1_287' title='bbox 1222 3209 1380 3262; x_wconf 74' lang='lat' dir='ltr'><strong>fuisse</strong></span> <span class='ocrx_word' id='word_1_288' title='bbox 1409 3211 1482 3263; x_wconf 88' lang='lat' dir='ltr'><strong>ait</strong></span> <span class='ocrx_word' id='word_1_289' title='bbox 1503 3211 1733 3262; x_wconf 86' lang='lat' dir='ltr'><strong>circum-</strong></span> 
     </span>
     <span class='ocr_line' id='line_1_55' title="bbox 703 3289 1736 3364; baseline -0.001 -21"><span class='ocrx_word' id='word_1_290' title='bbox 703 3291 897 3364; x_wconf 85' lang='lat' dir='ltr'><strong>plicata</strong></span> <span class='ocrx_word' id='word_1_291' title='bbox 961 3289 1158 3344; x_wconf 81' lang='lat' dir='ltr'><strong>hedera</strong></span> <span class='ocrx_word' id='word_1_292' title='bbox 1211 3289 1504 3360; x_wconf 86' lang='lat' dir='ltr'><strong>obligatum</strong></span> <span class='ocrx_word' id='word_1_293' title='bbox 1527 3329 1543 3353; x_wconf 95' lang='lat'><strong>,</strong></span> <span class='ocrx_word' id='word_1_294' title='bbox 1619 3307 1736 3360; x_wconf 75' lang='lat' dir='ltr'><strong>quae</strong></span> 
     </span>
     <span class='ocr_line' id='line_1_56' title="bbox 704 3369 1735 3440; baseline -0.008 -16"><span class='ocrx_word' id='word_1_295' title='bbox 704 3369 896 3426; x_wconf 85' lang='lat' dir='ltr'><strong>fronde</strong></span> <span class='ocrx_word' id='word_1_296' title='bbox 916 3388 1226 3426; x_wconf 89' lang='lat' dir='ltr'><strong>mucronem</strong></span> <span class='ocrx_word' id='word_1_297' title='bbox 1255 3369 1476 3440; x_wconf 81' lang='lat' dir='ltr'><strong>tegebat.</strong></span> <span class='ocrx_word' id='word_1_298' title='bbox 1504 3372 1735 3422; x_wconf 73' lang='lat' dir='ltr'><strong>Du...—</strong></span> 
     </span>
     <span class='ocr_line' id='line_1_57' title="bbox 713 3451 1734 3520; baseline -0.003 -15"><span class='ocrx_word' id='word_1_299' title='bbox 713 3455 892 3517; x_wconf 59' lang='grc' dir='ltr'><strong>ΤΙςγι-εἱ</strong></span> <span class='ocrx_word' id='word_1_300' title='bbox 937 3452 1094 3507; x_wconf 84' lang='lat' dir='ltr'><strong>modo.</strong></span> <span class='ocrx_word' id='word_1_301' title='bbox 1143 3451 1268 3504; x_wconf 89' lang='lat' dir='ltr'><strong>Fert</strong></span> <span class='ocrx_word' id='word_1_302' title='bbox 1318 3467 1441 3501; x_wconf 87' lang='lat' dir='ltr'><strong>sane</strong></span> <span class='ocrx_word' id='word_1_303' title='bbox 1496 3468 1734 3520; x_wconf 81' lang='lat' dir='ltr'><strong>papyrus</strong></span> 
     </span>
     <span class='ocr_line' id='line_1_58' title="bbox 704 3527 1736 3602; baseline -0.002 -18"><span class='ocrx_word' id='word_1_304' title='bbox 704 3535 914 3602; x_wconf 75' lang='grc' dir='ltr'><strong>χαίτην,</strong></span> <span class='ocrx_word' id='word_1_305' title='bbox 946 3531 1236 3594; x_wconf 63' lang='lat' dir='ltr'><strong>caesariem,</strong></span> <span class='ocrx_word' id='word_1_306' title='bbox 1268 3547 1330 3582; x_wconf 85' lang='lat' dir='ltr'><strong>ex</strong></span> <span class='ocrx_word' id='word_1_307' title='bbox 1349 3527 1736 3600; x_wconf 81' lang='lat' dir='ltr'><strong>capillamentis</strong></span> 
     </span>
     <span class='ocr_line' id='line_1_59' title="bbox 703 3605 1729 3683; baseline -0.004 -18"><span class='ocrx_word' id='word_1_308' title='bbox 703 3611 946 3683; x_wconf 79' lang='lat' dir='ltr'><strong>plurimis</strong></span> <span class='ocrx_word' id='word_1_309' title='bbox 966 3623 1320 3673; x_wconf 74' lang='lat' dir='ltr'><strong>constantem,</strong></span> <span class='ocrx_word' id='word_1_310' title='bbox 1341 3609 1513 3680; x_wconf 85' lang='lat' dir='ltr'><strong>thyrsi</strong></span> <span class='ocrx_word' id='word_1_311' title='bbox 1536 3605 1729 3661; x_wconf 87' lang='lat' dir='ltr'><strong>modo:</strong></span> 
     </span>
     <span class='ocr_line' id='line_1_60' title="bbox 703 3689 1731 3763; baseline -0.001 -20"><span class='ocrx_word' id='word_1_312' title='bbox 703 3711 830 3745; x_wconf 89' lang='lat' dir='ltr'><strong>nam</strong></span> <span class='ocrx_word' id='word_1_313' title='bbox 854 3693 1068 3763; x_wconf 84' lang='lat' dir='ltr'><strong>thyrsus</strong></span> <span class='ocrx_word' id='word_1_314' title='bbox 1083 3732 1099 3758; x_wconf 93' lang='lat'><strong>,</strong></span> <span class='ocrx_word' id='word_1_315' title='bbox 1119 3692 1228 3744; x_wconf 86' lang='lat' dir='ltr'><strong>sivc</strong></span> <span class='ocrx_word' id='word_1_316' title='bbox 1243 3689 1388 3742; x_wconf 84' lang='lat' dir='ltr'><strong>hasta</strong></span> <span class='ocrx_word' id='word_1_317' title='bbox 1418 3709 1477 3741; x_wconf 86' lang='lat' dir='ltr'><strong>ea</strong></span> <span class='ocrx_word' id='word_1_318' title='bbox 1498 3689 1731 3742; x_wconf 81' lang='lat' dir='ltr'><strong>aculeata</strong></span> 
     </span>
     <span class='ocr_line' id='line_1_61' title="bbox 703 3765 1725 3844; baseline -0.006 -19"><span class='ocrx_word' id='word_1_319' title='bbox 703 3785 821 3837; x_wconf 87' lang='lat' dir='ltr'><strong>est,</strong></span> <span class='ocrx_word' id='word_1_320' title='bbox 863 3791 1022 3844; x_wconf 86' lang='lat' dir='ltr'><strong>quam</strong></span> <span class='ocrx_word' id='word_1_321' title='bbox 1062 3772 1119 3825; x_wconf 88' lang='lat' dir='ltr'><strong>in</strong></span> <span class='ocrx_word' id='word_1_322' title='bbox 1168 3769 1346 3840; x_wconf 84' lang='lat' dir='ltr'><strong>Orgiis</strong></span> <span class='ocrx_word' id='word_1_323' title='bbox 1382 3765 1725 3839; x_wconf 84' lang='lat' dir='ltr'><strong>quatiebant,</strong></span> 
     </span>
     <span class='ocr_line' id='line_1_62' title="bbox 703 3846 1730 3922; baseline -0.004 -18"><span class='ocrx_word' id='word_1_324' title='bbox 703 3851 1083 3922; x_wconf 71' lang='lat' dir='ltr'><strong>desint-batque</strong></span> <span class='ocrx_word' id='word_1_325' title='bbox 1130 3849 1185 3902; x_wconf 89' lang='lat' dir='ltr'><strong>in</strong></span> <span class='ocrx_word' id='word_1_326' title='bbox 1254 3867 1462 3902; x_wconf 86' lang='lat' dir='ltr'><strong>comam</strong></span> <span class='ocrx_word' id='word_1_327' title='bbox 1505 3867 1519 3902; x_wconf 87' lang='lat'>:</span> <span class='ocrx_word' id='word_1_328' title='bbox 1581 3846 1730 3901; x_wconf 89' lang='lat' dir='ltr'><strong>unde</strong></span> 
     </span>
     <span class='ocr_line' id='line_1_63' title="bbox 703 3925 1732 4001; baseline -0.006 -17"><span class='ocrx_word' id='word_1_329' title='bbox 703 3933 957 4001; x_wconf 76' lang='grc' dir='ltr'><strong>κωνοφὸροι</strong></span> <span class='ocrx_word' id='word_1_330' title='bbox 999 3931 1246 3993; x_wconf 70' lang='lat' dir='ltr'><strong>Bacchae,</strong></span> <span class='ocrx_word' id='word_1_331' title='bbox 1279 3925 1586 3999; x_wconf 71' lang='lat' dir='ltr'><strong>eaedemque</strong></span> <span class='ocrx_word' id='word_1_332' title='bbox 1628 3933 1732 3997; x_wconf 83' lang='grc' dir='ltr'>θυρ-</span> 
     </span>
    </p>
   </div>
   <div class='ocr_carea' id='block_1_12' title="bbox 705 4005 1769 4083">
    <p class='ocr_par' dir='ltr' id='par_1_17' title="bbox 705 4005 1769 4083">
     <span class='ocr_line' id='line_1_64' title="bbox 705 4005 1769 4083; baseline -0.007 -20"><span class='ocrx_word' id='word_1_333' title='bbox 705 4012 1215 4083; x_wconf 65' lang='grc' dir='ltr'><strong>σοφόροιῐὴγηῐςεπω</strong></span> <span class='ocrx_word' id='word_1_334' title='bbox 1229 4008 1581 4080; x_wconf 81' lang='lat' dir='ltr'><strong>appellantur.</strong></span> <span class='ocrx_word' id='word_1_335' title='bbox 1606 4005 1730 4060; x_wconf 83' lang='lat' dir='ltr'><strong>Cas·</strong></span> <span class='ocrx_word' id='word_1_336' title='bbox 1762 4035 1769 4044; x_wconf 75' lang='lat'>=</span> 
     </span>
    </p>
   </div>
   <div class='ocr_carea' id='block_1_13' title="bbox 635 4085 1728 4160">
    <p class='ocr_par' dir='ltr' id='par_1_18' title="bbox 635 4085 1728 4160">
     <span class='ocr_line' id='line_1_65' title="bbox 635 4085 1728 4160; baseline -0.005 -14"><span class='ocrx_word' id='word_1_337' title='bbox 635 4092 638 4096; x_wconf 69' lang='grc'>’</span> <span class='ocrx_word' id='word_1_338' title='bbox 702 4091 836 4145; x_wconf 86' lang='lat' dir='ltr'><strong>siod.</strong></span> <span class='ocrx_word' id='word_1_339' title='bbox 884 4091 1055 4160; x_wconf 82' lang='lat' dir='ltr'><strong>Epist.</strong></span> <span class='ocrx_word' id='word_1_340' title='bbox 1102 4091 1207 4151; x_wconf 81' lang='lat' dir='ltr'><strong>XI,</strong></span> <span class='ocrx_word' id='word_1_341' title='bbox 1267 4089 1373 4141; x_wconf 85' lang='lat'><strong>38:</strong></span> <span class='ocrx_word' id='word_1_342' title='bbox 1416 4115 1437 4135; x_wconf 73' lang='grc' dir='ltr'>ι</span> <span class='ocrx_word' id='word_1_343' title='bbox 1473 4085 1728 4158; x_wconf 81' lang='lat' dir='ltr'><strong>paludum</strong></span> 
     </span>
    </p>
   </div>
   <div class='ocr_carea' id='block_1_14' title="bbox 1816 2573 2873 4152">
    <p class='ocr_par' dir='ltr' id='par_1_19' title="bbox 1816 2573 2873 4152">
     <span class='ocr_line' id='line_1_66' title="bbox 1821 2573 2859 2628; baseline 0.001 -1"><span class='ocrx_word' id='word_1_344' title='bbox 1821 2575 1898 2627; x_wconf 86' lang='lat' dir='ltr'><strong>dii</strong></span> <span class='ocrx_word' id='word_1_345' title='bbox 1940 2585 2279 2628; x_wconf 79' lang='lat' dir='ltr'><strong>coronantur.</strong></span> <span class='ocrx_word' id='word_1_346' title='bbox 2334 2573 2543 2628; x_wconf 86' lang='lat' dir='ltr'><strong>Laudat</strong></span> <span class='ocrx_word' id='word_1_347' title='bbox 2596 2594 2859 2628; x_wconf 87' lang='lat' dir='ltr'><strong>coronam</strong></span> 
     </span>
     <span class='ocr_line' id='line_1_67' title="bbox 1821 2642 2857 2726; baseline 0.002 -19"><span class='ocrx_word' id='word_1_348' title='bbox 1821 2673 1852 2707; x_wconf 91' lang='lat' dir='ltr'><strong>e</strong></span> <span class='ocrx_word' id='word_1_349' title='bbox 1871 2642 2078 2726; x_wconf 67' lang='lat' dir='ltr'><strong>papyro</strong></span> <span class='ocrx_word' id='word_1_350' title='bbox 2103 2653 2379 2724; x_wconf 81' lang='lat' dir='ltr'><strong>Agesilaus</strong></span> <span class='ocrx_word' id='word_1_351' title='bbox 2406 2653 2549 2724; x_wconf 85' lang='lat' dir='ltr'><strong>apud</strong></span> <span class='ocrx_word' id='word_1_352' title='bbox 2581 2655 2857 2709; x_wconf 80' lang='lat' dir='ltr'><strong>Plutarch.</strong></span> 
     </span>
     <span class='ocr_line' id='line_1_68' title="bbox 1820 2731 2861 2821; baseline 0 -34"><span class='ocrx_word' id='word_1_353' title='bbox 1820 2753 1876 2806; x_wconf 91' lang='lat' dir='ltr'><strong>p.</strong></span> <span class='ocrx_word' id='word_1_354' title='bbox 1902 2739 2034 2821; x_wconf 65' lang='lat'><strong>612.</strong></span> <span class='ocrx_word' id='word_1_355' title='bbox 2066 2731 2226 2786; x_wconf 82' lang='lat' dir='ltr'><strong>Ridet</strong></span> <span class='ocrx_word' id='word_1_356' title='bbox 2252 2733 2564 2799; x_wconf 74' lang='lat' dir='ltr'><strong>Athenaeus,</strong></span> <span class='ocrx_word' id='word_1_357' title='bbox 2596 2753 2697 2787; x_wconf 90' lang='lat' dir='ltr'><strong>ceu</strong></span> <span class='ocrx_word' id='word_1_358' title='bbox 2720 2736 2861 2788; x_wconf 86' lang='lat' dir='ltr'><strong>male</strong></span> 
     </span>
     <span class='ocr_line' id='line_1_69' title="bbox 1822 2811 2861 2888; baseline 0.001 -23"><span class='ocrx_word' id='word_1_359' title='bbox 1822 2811 2083 2888; x_wconf 79' lang='lat' dir='ltr'><strong>olentem,</strong></span> <span class='ocrx_word' id='word_1_360' title='bbox 2117 2813 2214 2866; x_wconf 87' lang='lat' dir='ltr'><strong>lib.</strong></span> <span class='ocrx_word' id='word_1_361' title='bbox 2240 2813 2365 2879; x_wconf 83' lang='lat' dir='ltr'><strong>XV,</strong></span> <span class='ocrx_word' id='word_1_362' title='bbox 2394 2831 2518 2885; x_wconf 85' lang='lat' dir='ltr'><strong>pag.</strong></span> <span class='ocrx_word' id='word_1_363' title='bbox 2546 2816 2683 2884; x_wconf 87' lang='lat'><strong>676.</strong></span> <span class='ocrx_word' id='word_1_364' title='bbox 2714 2815 2861 2868; x_wconf 70' lang='lat' dir='ltr'><strong>Cave</strong></span> 
     </span>
     <span class='ocr_line' id='line_1_70' title="bbox 1821 2891 2858 2965; baseline -0.002 -19"><span class='ocrx_word' id='word_1_365' title='bbox 1821 2896 1997 2946; x_wconf 78' lang='lat' dir='ltr'><strong>aute‘m</strong></span> <span class='ocrx_word' id='word_1_366' title='bbox 2025 2893 2112 2945; x_wconf 87' lang='lat' dir='ltr'><strong>hic</strong></span> <span class='ocrx_word' id='word_1_367' title='bbox 2139 2891 2324 2944; x_wconf 88' lang='lat' dir='ltr'><strong>florem</strong></span> <span class='ocrx_word' id='word_1_368' title='bbox 2354 2913 2387 2945; x_wconf 86' lang='lat' dir='ltr'><strong>e</strong></span> <span class='ocrx_word' id='word_1_369' title='bbox 2410 2912 2619 2964; x_wconf 85' lang='lat' dir='ltr'><strong>papyro</strong></span> <span class='ocrx_word' id='word_1_370' title='bbox 2649 2893 2819 2965; x_wconf 80' lang='lat' dir='ltr'><strong>fingas</strong></span> <span class='ocrx_word' id='word_1_371' title='bbox 2842 2913 2858 2944; x_wconf 92' lang='lat'><strong>:</strong></span> 
     </span>
     <span class='ocr_line' id='line_1_71' title="bbox 1820 2971 2862 3044; baseline 0.003 -20"><span class='ocrx_word' id='word_1_372' title='bbox 1820 2991 1993 3043; x_wconf 89' lang='lat' dir='ltr'><strong>neque</strong></span> <span class='ocrx_word' id='word_1_373' title='bbox 2026 2971 2169 3024; x_wconf 88' lang='lat' dir='ltr'><strong>enim</strong></span> <span class='ocrx_word' id='word_1_374' title='bbox 2198 2971 2368 3025; x_wconf 88' lang='lat' dir='ltr'><strong>ullum</strong></span> <span class='ocrx_word' id='word_1_375' title='bbox 2412 2989 2653 3044; x_wconf 85' lang='lat' dir='ltr'><strong>papyrus</strong></span> <span class='ocrx_word' id='word_1_376' title='bbox 2690 2991 2755 3026; x_wconf 87' lang='lat' dir='ltr'><strong>ex</strong></span> <span class='ocrx_word' id='word_1_377' title='bbox 2800 2992 2862 3026; x_wconf 77' lang='lat' dir='ltr'><strong>se</strong></span> 
     </span>
     <span class='ocr_line' id='line_1_72' title="bbox 1822 3049 2861 3122; baseline 0 -18"><span class='ocrx_word' id='word_1_378' title='bbox 1822 3050 2009 3104; x_wconf 85' lang='lat' dir='ltr'><strong>florem</strong></span> <span class='ocrx_word' id='word_1_379' title='bbox 2036 3049 2628 3122; x_wconf 77' lang='lat' dir='ltr'><strong>fundit.--()uamflor.</strong></span> <span class='ocrx_word' id='word_1_380' title='bbox 2653 3065 2753 3106; x_wconf 88' lang='lat' dir='ltr'><strong>etc.</strong></span> <span class='ocrx_word' id='word_1_381' title='bbox 2772 3053 2861 3106; x_wconf 80' lang='lat' dir='ltr'><strong>Ita</strong></span> 
     </span>
     <span class='ocr_line' id='line_1_73' title="bbox 1822 3131 2873 3204; baseline 0.001 -20"><span class='ocrx_word' id='word_1_382' title='bbox 1822 3133 1953 3204; x_wconf 84' lang='lat' dir='ltr'><strong>Reg.</strong></span> <span class='ocrx_word' id='word_1_383' title='bbox 1978 3151 2028 3184; x_wconf 73' lang='lat' dir='ltr'><strong>a.</strong></span> <span class='ocrx_word' id='word_1_384' title='bbox 2061 3133 2127 3184; x_wconf 76' lang='lat' dir='ltr'><strong>At</strong></span> <span class='ocrx_word' id='word_1_385' title='bbox 2146 3132 2277 3203; x_wconf 88' lang='lat' dir='ltr'><strong>Reg.</strong></span> <span class='ocrx_word' id='word_1_386' title='bbox 2294 3149 2338 3195; x_wconf 85' lang='lat'><strong>1,</strong></span> <span class='ocrx_word' id='word_1_387' title='bbox 2368 3132 2524 3186; x_wconf 91' lang='lat' dir='ltr'><strong>Colb.</strong></span> <span class='ocrx_word' id='word_1_388' title='bbox 2552 3131 2609 3196; x_wconf 85' lang='grc'><strong>3,</strong></span> <span class='ocrx_word' id='word_1_389' title='bbox 2630 3132 2873 3204; x_wconf 59' lang='lat' dir='ltr'><strong>aliique,</strong></span> 
     </span>
     <span class='ocr_line' id='line_1_74' title="bbox 1830 3209 2861 3282; baseline 0.008 -24"><span class='ocrx_word' id='word_1_390' title='bbox 1830 3236 1852 3258; x_wconf 78' lang='grc' dir='ltr'>ι</span> <span class='ocrx_word' id='word_1_391' title='bbox 1870 3230 2029 3282; x_wconf 87' lang='lat' dir='ltr'><strong>quam</strong></span> <span class='ocrx_word' id='word_1_392' title='bbox 2055 3209 2225 3263; x_wconf 80' lang='lat' dir='ltr'><strong>foris·</strong></span> <span class='ocrx_word' id='word_1_393' title='bbox 2264 3211 2495 3278; x_wconf 84' lang='lat' dir='ltr'><strong>habent;</strong></span> <span class='ocrx_word' id='word_1_394' title='bbox 2544 3223 2607 3264; x_wconf 91' lang='lat' dir='ltr'><strong>ut</strong></span> <span class='ocrx_word' id='word_1_395' title='bbox 2642 3211 2713 3265; x_wconf 84' lang='lat' dir='ltr'><strong>sit</strong></span> <span class='ocrx_word' id='word_1_396' title='bbox 2745 3213 2861 3266; x_wconf 79' lang='lat' dir='ltr'><strong>for·</strong></span> 
     </span>
     <span class='ocr_line' id='line_1_75' title="bbox 1821 3290 2861 3363; baseline 0.003 -20"><span class='ocrx_word' id='word_1_397' title='bbox 1821 3302 1955 3344; x_wconf 83' lang='lat' dir='ltr'><strong>tasse</strong></span> <span class='ocrx_word' id='word_1_398' title='bbox 1976 3290 2230 3344; x_wconf 88' lang='lat' dir='ltr'><strong>sententia</strong></span> <span class='ocrx_word' id='word_1_399' title='bbox 2244 3328 2261 3358; x_wconf 88' lang='lat'><strong>‚</strong></span> <span class='ocrx_word' id='word_1_400' title='bbox 2287 3308 2394 3342; x_wconf 88' lang='lat' dir='ltr'><strong>non</strong></span> <span class='ocrx_word' id='word_1_401' title='bbox 2418 3291 2685 3363; x_wconf 81' lang='lat' dir='ltr'><strong>AEgyptiis</strong></span> <span class='ocrx_word' id='word_1_402' title='bbox 2708 3291 2861 3346; x_wconf 81' lang='lat' dir='ltr'><strong>hunc</strong></span> 
     </span>
     <span class='ocr_line' id='line_1_76' title="bbox 1824 3367 2856 3436; baseline 0 -13"><span class='ocrx_word' id='word_1_403' title='bbox 1824 3389 2030 3423; x_wconf 88' lang='lat' dir='ltr'><strong>morem</strong></span> <span class='ocrx_word' id='word_1_404' title='bbox 2070 3369 2253 3435; x_wconf 79' lang='lat' dir='ltr'><strong>fuisse,</strong></span> <span class='ocrx_word' id='word_1_405' title='bbox 2300 3367 2391 3422; x_wconf 88' lang='lat' dir='ltr'><strong>sed</strong></span> <span class='ocrx_word' id='word_1_406' title='bbox 2423 3371 2582 3432; x_wconf 83' lang='lat' dir='ltr'><strong>foris,</strong></span> <span class='ocrx_word' id='word_1_407' title='bbox 2607 3371 2713 3423; x_wconf 87' lang='lat' dir='ltr'><strong>hoc</strong></span> <span class='ocrx_word' id='word_1_408' title='bbox 2739 3383 2817 3423; x_wconf 78' lang='lat' dir='ltr'><strong>est</strong></span> <span class='ocrx_word' id='word_1_409' title='bbox 2836 3413 2856 3436; x_wconf 86' lang='lat'>‚</span> 
     </span>
     <span class='ocr_line' id='line_1_77' title="bbox 1822 3449 2864 3522; baseline 0 -20"><span class='ocrx_word' id='word_1_410' title='bbox 1822 3449 2051 3503; x_wconf 85' lang='lat' dir='ltr'><strong>externis</strong></span> <span class='ocrx_word' id='word_1_411' title='bbox 2079 3451 2358 3518; x_wconf 84' lang='lat' dir='ltr'><strong>gentibus,</strong></span> <span class='ocrx_word' id='word_1_412' title='bbox 2386 3462 2445 3503; x_wconf 91' lang='lat' dir='ltr'><strong>ut</strong></span> <span class='ocrx_word' id='word_1_413' title='bbox 2470 3469 2683 3522; x_wconf 85' lang='lat' dir='ltr'><strong>papyro</strong></span> <span class='ocrx_word' id='word_1_414' title='bbox 2710 3453 2864 3504; x_wconf 83' lang='lat' dir='ltr'><strong>Deos</strong></span> 
     </span>
     <span class='ocr_line' id='line_1_78' title="bbox 1821 3527 2859 3600; baseline 0.004 -20"><span class='ocrx_word' id='word_1_415' title='bbox 1821 3541 2154 3581; x_wconf 85' lang='lat' dir='ltr'><strong>coronarent.</strong></span> <span class='ocrx_word' id='word_1_416' title='bbox 2184 3527 2397 3582; x_wconf 85' lang='lat' dir='ltr'><strong>Florem</strong></span> <span class='ocrx_word' id='word_1_417' title='bbox 2432 3527 2650 3600; x_wconf 89' lang='lat' dir='ltr'><strong>quidem</strong></span> <span class='ocrx_word' id='word_1_418' title='bbox 2682 3543 2859 3596; x_wconf 84' lang='lat' dir='ltr'><strong>certe,</strong></span> 
     </span>
     <span class='ocr_line' id='line_1_79' title="bbox 1821 3605 2859 3680; baseline 0.004 -19"><span class='ocrx_word' id='word_1_419' title='bbox 1821 3621 1882 3661; x_wconf 89' lang='lat' dir='ltr'><strong>ut</strong></span> <span class='ocrx_word' id='word_1_420' title='bbox 1905 3605 2153 3671; x_wconf 80' lang='lat' dir='ltr'><strong>diximus,</strong></span> <span class='ocrx_word' id='word_1_421' title='bbox 2177 3609 2388 3662; x_wconf 85' lang='lat' dir='ltr'><strong>nullum</strong></span> <span class='ocrx_word' id='word_1_422' title='bbox 2413 3628 2653 3680; x_wconf 85' lang='lat' dir='ltr'><strong>papyrus</strong></span> <span class='ocrx_word' id='word_1_423' title='bbox 2670 3609 2859 3665; x_wconf 77' lang='lat' dir='ltr'><strong>habet.</strong></span> 
     </span>
     <span class='ocr_line' id='line_1_80' title="bbox 1822 3686 2859 3761; baseline 0.003 -20"><span class='ocrx_word' id='word_1_424' title='bbox 1822 3689 1891 3742; x_wconf 89' lang='lat' dir='ltr'><strong>H.</strong></span> <span class='ocrx_word' id='word_1_425' title='bbox 1919 3721 1998 3730; x_wconf 91' lang='lat'><strong>-—</strong></span> <span class='ocrx_word' id='word_1_426' title='bbox 2024 3688 2166 3740; x_wconf 82' lang='lat' dir='ltr'><strong>Cave</strong></span> <span class='ocrx_word' id='word_1_427' title='bbox 2198 3686 2478 3742; x_wconf 83' lang='lat' dir='ltr'><strong>Harduino</strong></span> <span class='ocrx_word' id='word_1_428' title='bbox 2506 3689 2691 3742; x_wconf 83' lang='lat' dir='ltr'><strong>credas</strong></span> <span class='ocrx_word' id='word_1_429' title='bbox 2708 3730 2724 3755; x_wconf 96' lang='lat'><strong>,</strong></span> <span class='ocrx_word' id='word_1_430' title='bbox 2758 3692 2859 3761; x_wconf 82' lang='lat' dir='ltr'><strong>qui</strong></span> 
     </span>
     <span class='ocr_line' id='line_1_81' title="bbox 1818 3767 2857 3840; baseline 0.003 -20"><span class='ocrx_word' id='word_1_431' title='bbox 1818 3767 2001 3820; x_wconf 87' lang='lat' dir='ltr'><strong>nescio</strong></span> <span class='ocrx_word' id='word_1_432' title='bbox 2030 3787 2133 3838; x_wconf 83' lang='lat' dir='ltr'><strong>qua</strong></span> <span class='ocrx_word' id='word_1_433' title='bbox 2158 3769 2471 3821; x_wconf 84' lang='lat' dir='ltr'><strong>auctoritate</strong></span> <span class='ocrx_word' id='word_1_434' title='bbox 2504 3767 2767 3840; x_wconf 76' lang='lat' dir='ltr'><strong>deceptus</strong></span> <span class='ocrx_word' id='word_1_435' title='bbox 2795 3783 2857 3824; x_wconf 84' lang='lat' dir='ltr'><strong>et</strong></span> 
     </span>
     <span class='ocr_line' id='line_1_82' title="bbox 1818 3845 2859 3919; baseline 0 -18"><span class='ocrx_word' id='word_1_436' title='bbox 1818 3861 1959 3901; x_wconf 87' lang='lat' dir='ltr'><strong>certe</strong></span> <span class='ocrx_word' id='word_1_437' title='bbox 1986 3845 2128 3900; x_wconf 84' lang='lat' dir='ltr'><strong>aliud</strong></span> <span class='ocrx_word' id='word_1_438' title='bbox 2167 3866 2354 3918; x_wconf 83' lang='lat' dir='ltr'><strong>agens,</strong></span> <span class='ocrx_word' id='word_1_439' title='bbox 2392 3865 2603 3919; x_wconf 84' lang='lat' dir='ltr'><strong>papyro</strong></span> <span class='ocrx_word' id='word_1_440' title='bbox 2642 3849 2859 3902; x_wconf 84' lang='lat' dir='ltr'><strong>nullum</strong></span> 
     </span>
     <span class='ocr_line' id='line_1_83' title="bbox 1818 3926 2863 3991; baseline 0.001 -12"><span class='ocrx_word' id='word_1_441' title='bbox 1818 3945 1929 3980; x_wconf 85' lang='lat' dir='ltr'><strong>esse</strong></span> <span class='ocrx_word' id='word_1_442' title='bbox 1964 3926 2153 3980; x_wconf 87' lang='lat' dir='ltr'><strong>florem</strong></span> <span class='ocrx_word' id='word_1_443' title='bbox 2204 3939 2535 3982; x_wconf 78' lang='lat' dir='ltr'><strong>commentus</strong></span> <span class='ocrx_word' id='word_1_444' title='bbox 2568 3941 2677 3991; x_wconf 86' lang='lat' dir='ltr'><strong>est,</strong></span> <span class='ocrx_word' id='word_1_445' title='bbox 2716 3929 2863 3980; x_wconf 79' lang='lat' dir='ltr'><strong>anti·</strong></span> 
     </span>
     <span class='ocr_line' id='line_1_84' title="bbox 1818 4007 2859 4078; baseline 0 -20"><span class='ocrx_word' id='word_1_446' title='bbox 1818 4025 1976 4077; x_wconf 88' lang='lat' dir='ltr'><strong>quam</strong></span> <span class='ocrx_word' id='word_1_447' title='bbox 2018 4020 2069 4060; x_wconf 88' lang='lat' dir='ltr'><strong>et</strong></span> <span class='ocrx_word' id='word_1_448' title='bbox 2115 4008 2382 4078; x_wconf 79' lang='lat' dir='ltr'><strong>explosam</strong></span> <span class='ocrx_word' id='word_1_449' title='bbox 2414 4007 2697 4060; x_wconf 86' lang='lat' dir='ltr'><strong>lectionem</strong></span> <span class='ocrx_word' id='word_1_450' title='bbox 2720 4011 2859 4075; x_wconf 62' lang='grc' dir='ltr'><em>[οι-ἵε</em></span> 
     </span>
     <span class='ocr_line' id='line_1_85' title="bbox 1816 4087 2857 4152; baseline 0 -13"><span class='ocrx_word' id='word_1_451' title='bbox 1816 4096 2035 4140; x_wconf 78' lang='lat' dir='ltr'><strong>conatus</strong></span> <span class='ocrx_word' id='word_1_452' title='bbox 2054 4087 2335 4152; x_wconf 81' lang='lat' dir='ltr'><strong>reducere,</strong></span> <span class='ocrx_word' id='word_1_453' title='bbox 2364 4099 2549 4141; x_wconf 84' lang='lat' dir='ltr'><strong>contra</strong></span> <span class='ocrx_word' id='word_1_454' title='bbox 2572 4088 2857 4152; x_wconf 80' lang='lat' dir='ltr'><strong>omnium,</strong></span> 
     </span>
    </p>
   </div>
  </div>
 </body>
</html>
