2984 5009
674 485 817 559 270

1205 463 1284 531 c,
1337 413 1677 534 Pmmi
1725 460 1941 531 NAT.
1994 460 2255 531 msr.

665 595 1033 665 litterarum
1075 592 1366 664 Hesiodo
1395 609 1727 691 praecepta
1756 590 2062 690 agricolis
2092 591 2382 690 pandere
2412 616 2601 682 orso,
2628 589 2785 662 sub-

666 703 1036 797 secutisque
1105 727 1242 770 non
1295 704 1521 796 paucis
1580 703 1755 772 hanc
1814 724 2041 770 curam
2104 700 2244 793 ejus
2268 750 2287 785 ,
2359 699 2537 770 unde
2600 700 2789 778 nobis

666 809 878 878 crevit
924 807 1111 876 labor
1155 831 1173 878 t
1226 809 1475 905 quippe
1522 833 1730 904 quum
1774 805 2169 903 requirenda
2218 807 2349 876 sint
2390 829 2529 876 non
2578 805 2789 876 solum

667 929 896 1010 postea
937 914 1241 1001 inventa,
1283 938 1517 983 verum
1558 915 1755 983 etiam
1797 937 1913 998 ea,
1943 938 2090 1009 quae
2132 913 2525 982 invenerant
2556 913 2792 1008 prisci,

598 1029 630 1082 3
666 1020 951 1090 desidia⁷
978 1046 1196 1091 rerum
1214 1021 1661 1090 internecione
1676 1021 2015 1090 memoriae
2038 1019 2328 1089 inducta.
2352 1021 2563 1113 Cujus
2584 1019 2795 1088 somni

665 1151 897 1198 causas
929 1130 1075 1222 quis
1104 1125 1298 1216 alias,
1332 1152 1528 1222 quam
1563 1126 1857 1222 publicas
1884 1125 2146 1212 mundi,
2178 1124 2548 1195 invenerit?
2580 1126 2790 1194 Nimi-

665 1257 814 1304 rum
848 1232 956 1303 alii
993 1233 1251 1303 subiere
1283 1235 1446 1304 ritus
1467 1283 1487 1320 ‚
1514 1235 1819 1330 circaque
1851 1230 1977 1302 alia
2014 1247 2269 1302 mentes
2306 1231 2661 1301 hominum
2688 1231 2791 1301 de·

665 1342 995 1428 tinentur‚
1033 1355 1102 1409 et
1135 1342 1425 1410 avaritiae
1467 1355 1727 1410 tantum
1770 1354 1946 1408 artes
1988 1338 2321 1410 coluntur.

769 1451 984 1516 Antea
1020 1444 1286 1516 inclusis
1315 1449 1611 1542 gentium
1645 1445 1934 1542 imperiis
1968 1447 2141 1516 intra
2176 1447 2385 1540 ipsas,
2416 1444 2705 1540 ideoque
2732 1457 2795 1512 et

664 1553 940 1648 ingeniis
960 1605 982 1641 ‚
1024 1552 1308 1648 quadam
1353 1553 1695 1623 sterilitate
1726 1552 2009 1622 fortunae
2026 1538 2077 1640 ⁸,
2110 1577 2377 1622 necesse
2412 1567 2559 1621 erat
2600 1552 2795 1622 animi

665 1658 844 1730 bona
885 1680 1233 1730 exercere:
1273 1684 1594 1755 regesque
1610 1659 1637 1698 ⁹
1674 1659 2004 1728 innumeri
2034 1659 2293 1730 honore
2332 1660 2579 1731 artium
2624 1657 2793 1728 cole·

665 1764 944 1854 bantur,
979 1780 1047 1834 et
1087 1767 1156 1834 in
1195 1768 1637 1836 ostentatione
1676 1767 1797 1836 has
1840 1764 2285 1860 praeferebant
2330 1763 2640 1860 opum¹⁰‚
2680 1767 2792 1834 im-

666 1871 1134 1942 mortalitatem
1186 1872 1306 1943 sibi
1348 1899 1470 1968 per
1516 1871 1659 1945 illas
1702 1872 2052 1969 prorogari
2094 1873 2507 1942 arbitrantes.
2568 1874 2793 1962 Quare

597 1990 630 2048 4
665 1978 1092 2048 abundabant
1141 1995 1212 2049 et
1260 1980 1573 2075 praemia,
1638 1995 1707 2049 et
1749 2005 1969 2076 operae
2011 1981 2183 2050 vitae.
2234 1980 2521 2050 Posteris
2572 1978 2797 2048 laxitas

664 2083 958 2154 mundi⁸¹
986 2101 1056 2155 et
1085 2111 1308 2156 rerum
1341 2086 1710 2183 amplitudo
1743 2087 1988 2156 damno
2016 2084 2142 2158 fuit
2168 2111 2185 2157 τ
2216 2100 2575 2182 postquam
2614 2109 2793 2156 sena·

663 2203 772 2262 tor
820 2217 1023 2262 censu
1071 2189 1199 2289 legi
1253 2209 1547 2289 coeptus,
1594 2193 1799 2288 judex
1843 2193 1988 2264 fieri
2050 2218 2289 2280 censu,
2342 2194 2797 2288 magistratum

664 2297 1036 2396 ducemque
1075 2299 1235 2369 nihil
1264 2302 1476 2396 magis
1502 2325 1863 2386 exornare,
1899 2325 2098 2396 quam
2134 2325 2413 2371 census:
2447 2315 2795 2395 postquam

659 2429 922 2503 coepere
959 2406 1210 2478 orbitas
1255 2408 1328 2477 in
1367 2405 1822 2478 auctoritatc¹³
1870 2430 2133 2479 summa
2176 2420 2246 2478 et
2284 2407 2591 2502 potentia
2626 2430 2797 2492 esse,

656 2653 887 2725 Propter
917 2653 1068 2707 mille
1093 2669 1281 2707 annon.
1310 2677 1338 2702 ι
1369 2652 1442 2708 Et
1479 2653 1685 2708 Plinius

658 2733 916 2804 septimo,
937 2749 1058 2804 cap.
1085 2736 1184 2786 16:
1215 2733 1368 2788 -Jam
1395 2750 1528 2786 vero
1558 2746 1684 2788 ante

658 2830 826 2868 annos
841 2831 1011 2885 prope
1035 2811 1182 2865 mille
1203 2825 1346 2866 vates
1369 2811 1458 2865 ille
1483 2813 1685 2868 Home·

659 2909 752 2948 rus
788 2911 900 2944 non
940 2891 1163 2945 cessavit
1203 2893 1414 2946 minora
1451 2909 1688 2965 corpora

661 2971 964 3026 mortalium
987 2990 1151 3042 quam
1171 2972 1345 3044 prisca
1369 2972 1679 3045 conqueri.-

661 3051 831 3106 Porro
855 3050 1145 3106 Hesiodum
1167 3050 1359 3105 eodem
1373 3053 1535 3107 fuisse
1552 3066 1686 3106 tem·

663 3149 798 3204 pore
820 3150 932 3203 quo
962 3131 1254 3198 Homerus,
1282 3145 1527 3186 auctores
1554 3151 1690 3186 nou-

663 3212 800 3264 nulli
833 3209 1064 3264 tradunt.
1087 3212 1484 3267 Prien—Ante
1512 3213 1685 3270 millia.

662 3290 753 3346 Sic
797 3291 953 3345 MSS.
995 3293 1125 3362 Reg.
1177 3291 1414 3349 Colbert.
1452 3292 1560 3348 Th.
1604 3293 1686 3346 De

665 3383 816 3425 etate
833 3369 1052 3426 Hesiodi
1069 3369 1301 3428 diximus
1321 3373 1683 3428 inAuctorum

663 3449 867 3506 Indice.
895 3453 1080 3508 Hann.

746 3551 798 3603 7.
846 3532 1066 3586 Desidia.
1117 3533 1346 3605 Propter
1405 3532 1689 3588 hominum

663 3607 924 3666 desidiam
975 3613 1231 3667 memoria
1287 3631 1472 3666 rerum
1527 3612 1689 3666 inter·

665 3704 902 3750 mortua.
926 3689 1123 3758 deleta,
1145 3693 1418 3746 exstincta.
1440 3695 1507 3746 Iu
1532 3693 1686 3748 MSS.

665 3769 800 3841 Reg.
843 3791 896 3837 1,
935 3772 1094 3826 colb.
1145 3772 1210 3836 3,
1255 3784 1309 3826 et
1340 3774 1441 3828 Ch.
1479 3773 1683 3826 indicta.

667 3849 733 3904 In
753 3851 911 3905 colb.
939 3870 968 3908 a
985 3890 1002 3914 ‚
1017 3851 1124 3904 Th.
1135 3852 1357 3924 aliisque
1381 3853 1595 3907 inducta.
1611 3855 1679 3907 Η.

750 3933 803 3984 8.
826 3930 1332 3999 Sterilt'tatesonunoe.
1356 3933 1541 4000 Quum
1562 3951 1685 4005 apes

661 4009 806 4062 nulla
837 4012 973 4066 foret
1010 4023 1153 4064 extra
1199 4014 1380 4082 patrio
1417 4013 1683 4085 angustias

661 4089 1048 4164 amplificando
1072 4091 1318 4146 fortuna.
1359 4092 1541 4148 Han),

1852 2673 1911 2726 9.
1942 2655 2205 2726 [legesque.
2236 2652 2353 2708 HS.
2388 2673 2615 2708 eurum
2652 2671 2797 2726 reges.

1772 2735 1849 2790 Ut
1892 2735 2132 2800 Hieron,
2163 2735 2400 2799 Attalus,
2450 2733 2693 2806 aliique,
2734 2734 2795 2790 de

1771 2815 1964 2888 quibus
2004 2815 2059 2868 in
2105 2817 2401 2868 Auctorum
2438 2813 2635 2868 Indice
2673 2813 2799 2868 dixi-

1776 2912 1914 2949 mus.
1940 2893 2121 2948 Hau.

1860 2993 1951 3029 zo.
1982 2975 2095 3028 Has
2114 2971 2437 3046 praeferebant
2473 2991 2643 3043 quun.
2676 2973 2795 3026 Vet-

1772 3053 1917 3128 apud
1954 3055 2135 3108 Dalec.
2182 3053 2614 3126 cpraeferebant,
2646 3071 2797 3123 opem

1770 3147 1827 3191 et
1862 3133 2327 3190 immortalitatem.
2352 3155 2379 3184 υ
2430 3133 2585 3186 Hanc
2636 3151 2795 3206 opum

1770 3233 1985 3270 auarum
2032 3227 2233 3286 partem
2274 3216 2604 3288 pracipuam
2644 3212 2797 3268 duee·

1770 3293 1921 3350 bant.
1949 3291 2136 3348 Haun-

1858 3393 1883 3428 ι
1900 3393 1950 3428 1.
1972 3375 2181 3428 Lusita
2202 3374 2379 3428 mundi.
2400 3373 2659 3430 Latitudo
2680 3393 2795 3449 poe·

1772 3455 2061 3520 sessionum
2084 3455 2331 3526 amplior.
2358 3449 2535 3506 Ham).

1860 3553 1883 3589 1
1900 3555 1949 3588 ².
1980 3535 2185 3589 Orbitas
2212 3539 2263 3587 in
2294 3537 2606 3588 auctoritate.
2644 3535 2793 3602 Quo·

1771 3612 1917 3668 uiam
1952 3615 2047 3687 qui
2074 3615 2259 3670 liberis
2288 3628 2560 3679 carerent,
2604 3616 2791 3668 horum

1772 3694 2141 3750 benevolentia
2158 3734 2177 3761 ‚
2219 3714 2313 3768 spe
2351 3692 2668 3750 hereditati·
2702 3693 2793 3750 ad·

1773 3773 1963 3828 euudae
1980 3813 1998 3840 ,
2017 3776 2161 3828 omni
2193 3775 2573 3846 obsequiorum
2600 3793 2795 3848 genere

1770 3867 2092 3926 captaretur.
2118 3855 2188 3908 Η.
2206 3887 2285 3898 -
2304 3855 2506 3908 Similia
2528 3856 2645 3909 sere
2668 3873 2795 3928 que·

1770 3947 1964 3988 runtur
1992 3937 2179 3990 Senec.
2206 3937 2364 3989 Cous.
2392 3932 2457 3988 ad
2484 3935 2659 3990 Marc.
2680 3954 2791 4006 cap.

1768 4032 1885 4080 xix,
1908 4027 1945 4068 t.
1966 4017 2043 4080 11,
2070 4035 2125 4086 p.
2160 4019 2264 4070 162
2287 4035 2303 4075 ς
2331 4014 2458 4068 Tac.
2478 4017 2673 4070 Annal.
2696 4013 2786 4076 ΠΙ,

1772 4094 1865 4158 2⁵,
1891 4107 1929 4149 t.
1955 4096 2007 4161 1,
2026 4115 2081 4168 p.
2109 4095 2222 4150 318
2245 4094 2377 4149 edit.
2402 4109 2546 4148 nost.
