2984 5009
680 450 819 537 542
1213 444 1291 514 c.
1345 439 1690 511 PLINII
1739 438 1962 509 NAT.
2013 438 2268 507 msT.

676 588 827 659 ideo
872 594 1175 652 vocatur.
1232 579 1512 647 Pariunt
1571 573 1734 643 vero
1787 593 1996 667 quum
2057 571 2298 641 florent
2313 626 2334 661 ,
2399 571 2650 667 flosque
2700 570 2789 641 ille

678 694 895 788 ruptis
924 700 1189 760 constat
1218 681 1604 755 utriculis¹⁰.
1652 680 1981 751 Educatio
2037 680 2108 748 in
2159 677 2430 775 pomo¹¹
2470 694 2615 749 est:
2653 680 2788 766 hoc,

682 816 751 871 et
790 790 1281 894 germinatio¹²‚
1328 791 1656 859 laborum.
2283 872 2290 879 .

788 908 936 981 XL,
975 903 1129 973 Flos
1156 914 1257 969 est
1280 897 1459 994 pleni
1489 894 1693 965 veris¹
1721 894 2038 964 indicium
2055 907 2166 980 ‚et
2191 893 2349 962 anni
2386 893 2792 980 renascentis;

682 1015 806 1085 flos
842 1010 1159 1108 gaudium
1202 1007 1518 1076 arborum
1538 1001 1582 1073 ².
1641 1004 1830 1071 Tunc
1885 1024 1958 1070 se
2003 1024 2245 1087 novas,
2285 997 2580 1095 aliasque
2623 1023 2790 1095 quam

681 1135 871 1204 sunt,
896 1115 1293 1189 ostendunt:
1324 1128 1487 1183 tunc
1523 1111 1722 1179 variis
1749 1107 2050 1178 colorum
2088 1108 2366 1203 picturis
2397 1108 2470 1175 in
2491 1121 2794 1176 certamen

684 1252 897 1322 usque
929 1223 1285 1294 luxuriant.
1330 1218 1459 1289 Sed
1508 1217 1642 1287 hoc
1687 1229 2002 1311 negatum
2043 1214 2604 1309 plerisque-Non
2649 1214 2796 1283 enim

684 1358 916 1407 omnes
950 1332 1195 1401 florent
1222 1354 1238 1397 z
1270 1341 1340 1397 et
1372 1340 1529 1398 sunt
1563 1324 1783 1394 tristes
1821 1321 2124 1418 quaedam
2143 1374 2162 1407 ‚
2193 1344 2476 1415 quaeque
2511 1344 2650 1389 non
2679 1344 2797 1389 scn-

682 1444 852 1511 tiant
904 1437 1149 1535 gaudia
1192 1457 1542 1503 annorum.
1601 1433 1778 1501 Nam
1829 1454 2046 1523 neque
2097 1412 2302 1513 ilex³‚
2357 1428 2584 1523 picea,
2628 1425 2800 1513 larix,

685 1551 881 1645 pinus
900 1594 920 1630 ,
954 1543 1092 1615 ullo
1120 1542 1285 1612 flore
1317 1538 1812 1625 exhilarantur,
1845 1535 2180 1605 natalesve
2210 1558 2570 1630 pomorum
2607 1556 2803 1604 recur-

685 1680 797 1725 sus
826 1676 1083 1723 annuos
1106 1646 1491 1719 versicolori
1511 1645 1750 1714 nuntio
1785 1643 2226 1739 promittunt:
2261 1666 2388 1711 nec
2425 1638 2537 1713 fici
2549 1626 2602 1728 ⁴,
2635 1655 2803 1735 atque

686 1760 999 1858 caprifici.
1042 1757 1359 1857 J’rotinus
1405 1752 1581 1822 euim
1627 1752 1919 1821 fructum
1961 1749 2160 1819 flores
2197 1750 2500 1844 gignunt.
2565 1749 2646 1816 In
2686 1744 2804 1817 ficis

686 1866 1019 1939 mirabiles
1071 1878 1228 1935 sunt
1282 1875 1351 1931 et
1404 1860 1680 1933 abortus
1705 1911 1724 1947 ,
1781 1858 1899 1952 qui
1947 1875 2316 1952 numquam
2362 1867 2802 1924 maturescunt.

776 2113 863 2151 xo.
902 2091 1150 2147 Ueru'culc‘s.
1180 2090 1300 2141 Hoc
1323 2098 1429 2151 est,
1446 2082 1718 2157 calyculis,
1807 2084 1927 2139 bori
1953 2126 1970 2149 ,
1997 2096 2060 2137 ut
2101 2083 2213 2136 fere
2261 2080 2478 2134 mulieri
2531 2092 2732 2153 par-tus,
2763 2090 2804 2132 et

689 2173 834 2230 unde
848 2173 949 2227 ssos
968 2169 1217 2242 erumpit.
1233 2157 1425 2239 ἐλυτρα
1451 2176 1576 2217 sunt
1595 2163 1720 2216 Dio·
1809 2164 2055 2219 educatio
2087 2162 2226 2216 fetus
2241 2199 2258 2227 ‚
2278 2161 2439 2235 plena
2468 2160 2666 2214 laboris
2697 2156 2805 2211 :flos

690 2254 921 2319 scoridi,
941 2254 1039 2306 lib.
1067 2252 1154 2315 11,
1180 2267 1297 2320 cap.
1334 2264 1357 2299 1
1374 2251 1459 2310 14.
1486 2246 1558 2298 Η.
1809 2258 1984 2298 autem
2011 2260 2096 2296 res
2120 2242 2280 2314 plena
2317 2238 2519 2313 gaudii.
2536 2270 2617 2281 —-
2636 2238 2805 2293 Edam-

779 2353 804 2390 1
820 2352 870 2388 1.
897 2335 961 2387 In
985 2350 1149 2404 pomo,
1173 2326 1447 2394 Quamdiu
1476 2321 1721 2397 pendeta
1812 2328 1896 2378 tio.
1920 2365 1933 2378 .
1955 2366 1968 2378 .
1985 2322 2253 2395 gaudium,
2277 2334 2377 2390 etc.
2402 2321 2491 2375 Sic
2513 2320 2807 2375 restituimus

692 2426 862 2470 matre
884 2429 1113 2485 pomum
1141 2408 1289 2481 quasi
1312 2404 1556 2478 quaedam
1581 2404 1721 2457 fetus
1811 2418 1915 2477 ope
1939 2402 2188 2458 codicum
2213 2402 2343 2473 Reg.
2366 2402 2608 2457 colbert.
2630 2400 2804 2453 Tbum

694 2495 939 2551 educatio
963 2490 1296 2561 intelligitur.
1318 2487 1503 2539 Huto.
1810 2504 1980 2559 quum
2024 2484 2175 2557 prius
2221 2494 2506 2556 perperam
2538 2480 2803 2551 legeretur,

780 2594 871 2629 ιιι.
893 2572 1007 2625 Hoc
1025 2612 1041 2638 ,
1066 2584 1115 2625 et
1132 2570 1425 2642 germinatio
1444 2605 1461 2633 ,
1488 2564 1722 2618 laborum·
1812 2590 1836 2612 ι
1851 2566 1997 2632 Hoc,
2017 2574 2072 2617 et
2087 2562 2425 2635 germinatio.
2449 2560 2712 2613 Arborum
2730 2557 2807 2611 flos

692 2656 789 2709 Eat
810 2666 863 2708 et
886 2654 1005 2707 haec
1028 2650 1275 2706 educatio
1289 2687 1306 2714 ,
1330 2659 1384 2702 et
1406 2644 1726 2719 germinatio
1813 2658 1892 2701 est
1908 2686 1924 2711 ‚
1971 2657 2074 2699 etc.
2105 2667 2128 2691 ι
2176 2642 2450 2695 sinceram
2471 2680 2488 2708 ,
2537 2658 2696 2712 quam
2731 2652 2808 2691 nos

694 2736 857 2808 plena
877 2733 1093 2787 laboris.
1112 2730 1183 2782 H.
1208 2760 1291 2771 —
1308 2728 1484 2781 Locus
1509 2723 1727 2778 intrica-
1816 2724 2083 2781 edidimus
2100 2762 2118 2789 ‚
2162 2722 2448 2777 lectionem
2472 2760 2490 2787 ,
2531 2720 2622 2773 ve}
2659 2728 2808 2773 nostra

696 2837 911 2889 tuz,nec
928 2822 1104 2874 forsan
1119 2818 1419 2871 felicissime
1435 2814 1727 2869 restitutus.
1815 2824 1925 2859 uua
1956 2802 2330 2876 interpretatio
2347 2842 2364 2865 ,
2393 2814 2450 2855 et
2470 2799 2720 2854 orationis
2743 2812 2808 2850 ne·

703 2902 837 2957 Vid.
859 2901 957 2956 inf.
986 2918 1104 2971 cap.
1131 2903 1221 2964 40,
1242 2908 1352 2949 not.
1380 2915 1432 2948 τι.
1458 2894 1568 2947 En.
1817 2886 1921 2941 ries
1949 2886 2061 2957 ipsa
2085 2882 2407 2937 constabilit.
2439 2878 2626 2934 Eum.

774 2983 891 3035 XL.
926 2998 979 3035 ι..
1008 2978 1255 3033 Arborum
1266 2976 1371 3048 flos
1398 2986 1469 3027 est
1487 2974 1626 3045 pleni
1646 2990 1731 3023 ve·
1901 2966 1957 3020 3.
2003 2965 2137 3020 Nam
2181 2982 2332 3035 neque
2371 2962 2470 3014 ilex
2487 3000 2503 3025 ,
2542 2974 2642 3016 ete.
2679 2951 2808 3029 Apud

701 3064 798 3128 ris,
828 3074 931 3114 etc.
961 3059 1049 3114 Sic
1075 3069 1200 3112 aute
1224 3053 1565 3110 Harduinum
1599 3062 1729 3105 vett.
1817 3044 2250 3117 Theophrastum
2267 3081 2284 3108 ,
2309 3041 2448 3096 Hist.
2474 3042 2574 3096 lib.
2596 3040 2698 3104 111,
2715 3056 2806 3108 eap-

697 3158 883 3196 omnes
896 3139 1083 3213 legunt
1104 3136 1552 3209 distinguuntque
1574 3130 1726 3187 editt.
1824 3128 1854 3181 5
1871 3166 1887 3192 ,
1908 3126 2021 3179 Iiex
2045 3124 2219 3178 floret.
2239 3120 2458 3184 Eidem,
2475 3122 2620 3175 libro
2636 3116 2807 3178 eodem.

693 3224 1001 3295 germineio.
1032 3218 1304 3281 Arborum,
1333 3228 1433 3269 etc.
1459 3212 1590 3267 Vid.
1615 3223 1727 3265 not.
1811 3218 1935 3278 cap.
1971 3210 2042 3270 δ,
2085 3204 2220 3276 pino
2254 3220 2357 3274 pro
2398 3200 2534 3255 flore
2573 3213 2651 3255 ent
2684 3210 2807 3269 nqui-

697 3322 804 3376 seq.
832 3332 915 3343 —-
940 3298 1104 3373 Apud
1135 3298 1457 3352 Athenaeum
1474 3294 1549 3361 ,1.
1572 3290 1727 3354 xm,
1818 3286 2002 3340 matim
2028 3281 2360 3356 compactilis
2389 3294 2538 3336 meta
2553 3321 2571 3350 ,
2592 3283 2808 3349 iniri-apste-

700 3384 1020 3438 Char-emon
1056 3390 1213 3435 vocat
1238 3376 1395 3430 flores
1412 3416 1428 3442 ‚
1458 3392 1605 3428 nunc
1637 3390 1731 3425 ve·
1819 3364 1981 3420 Larix
2007 3377 2186 3419 autem
2218 3380 2346 3415 vere
2367 3360 2558 3415 florem
2591 3358 2765 3417 mittit,
2786 3370 2810 3405 e

698 3466 774 3519 ria
790 3505 807 3528 ,
836 3480 981 3516 nunc
996 3472 1277 3533 pratorum
1294 3456 1465 3521 filios,
1486 3458 1534 3508 ἐν
1559 3458 1622 3524 τῇ
1641 3442 1728 3505 Ῐοῖ.
1821 3447 2160 3500 ramulorum
2193 3442 2564 3497 cacuminibut
2581 3478 2596 3501 ‚
2623 3442 2676 3495 in
2703 3452 2809 3509 pur·

698 3536 911 3611 Ᾰνθηροΰ
950 3542 1103 3594 τέκνα
1135 3528 1287 3611 Eupo<
1317 3534 1458 3608 πέριξ
1484 3534 1737 3606 erptiam·
1821 3544 1958 3599 pura
2007 3524 2259 3578 ardenter
2309 3524 2617 3587 rubentem,
2653 3514 2811 3573 foliolis

700 3645 803 3685 τις.
846 3624 913 3677 In
953 3621 1223 3676 Centauro
1250 3636 1267 3674 ε
1316 3619 1622 3687 Θηρωμὲνων
1666 3610 1736 3665 τὰ
1823 3606 2161 3661 comantibus
2192 3601 2490 3668 adnexum,
2535 3602 2665 3655 mim
2700 3612 2810 3670 quo·

696 3704 945 3775 λιιμῶνων
972 3702 1137 3755 τέκνα..
1160 3696 1441 3769 AEschylus
1458 3696 1516 3748 in
1540 3690 1733 3755 Persia,
1823 3686 1948 3741 dam
1979 3698 2184 3739 nature
2210 3682 2455 3737 artificio.
2483 3684 2618 3735 Du..

702 3774 830 3840 Ᾰνθη
847 3804 901 3835 τι
916 3782 1111 3834 πλεκτὰ
1124 3780 1384 3850 παμφόρου
1396 3778 1547 3849 γαίας
1562 3766 1732 3827 finita.
1907 3772 1960 3830 4.
1991 3766 2100 3819 Nec
2117 3762 2228 3835 fici.
2256 3762 2498 3817 Macrob.
2524 3764 2627 3817 Set.
2649 3758 2734 3811 lib.
2751 3753 2808 3816 Π,

703 3863 980 3917 Victorius
1006 3880 1069 3913 ex
1099 3858 1393 3919 Athenaeo,
1420 3856 1461 3909 l.
1479 3853 1696 3909 xxxn
1717 3890 1734 3917 ‚
1823 3864 1942 3919 cap.
1998 3848 2066 3900 16
2085 3882 2104 3909 ‚
2133 3864 2187 3917 p.
2220 3844 2324 3914 ³7⁸
2351 3863 2366 3895 ε
2394 3866 2417 3890 ι
2438 3842 2552 3897 Nec
2575 3842 2670 3894 hoc
2687 3838 2808 3908 igno·

704 3962 820 4017 cap.
860 3959 951 3996 21.
984 3941 1121 3994 Du..
1628 3958 1637 3964 -
1671 3942 1679 3951 “
1824 3924 2088 3990 randum,
2127 3924 2334 3996 inquit,
2381 3922 2544 3976 ficum
2585 3920 2734 3973 solam
2759 3928 2808 3965 ex

786 4044 837 4077 α.
866 4022 986 4075 Flos
1016 4032 1117 4085 ese,
1140 4031 1241 4073 etc.
1270 4018 1366 4071 Est
1384 4014 1612 4070 nutritio
1635 4030 1736 4084 po·
1825 4006 2077 4061 omnibus
2121 4004 2403 4060 arboribus
2429 4020 2540 4055 nou
2577 4000 2764 4053 florere·
2785 4016 2802 4035 ·

704 4105 812 4167 mi,
846 4102 1047 4174 inquit,
1081 4112 1160 4153 est
1186 4094 1241 4153 et
1290 4094 1607 4169 germinatio
1651 4110 1734 4145 ar·
1826 4086 2007 4139 Hum-
