2984 5009
605 458 749 542 604

1156 465 1233 531 C.
1282 464 1613 533 PLINII
1663 464 1881 535 ΝΑΤ.
1933 460 2194 531 Hls'l‘.

607 594 804 688 plena
844 594 1080 682 fuerit,
1121 599 1374 692 optime
1415 600 1748 668 eximitur.
1781 598 2082 667 Omnino
2112 580 2392 666 caveto⁶
2435 620 2520 665 ne
2557 620 2752 689 quam

610 703 955 771 materiam
989 703 1208 790 dole5‚
1258 730 1427 773 neve
1476 705 1726 791 caeda5‚
1770 728 1940 774 neve
1984 717 2257 799 tangaS,
2301 702 2426 771 nisi
2471 702 2754 772 siccam:

610 833 781 878 neve
806 808 1087 902 gelidam
1109 863 1128 897 ,
1150 836 1319 881 neve
1349 811 1785 882 rorulentam.
1813 842 1846 877 n
1878 812 2185 880 Tiberius
2220 808 2392 879 idem
2411 808 2434 848 ⁷
2455 822 2524 879 et
2555 810 2626 877 in
2659 834 2759 878 ca-

607 913 769 1009 pillo
788 916 1127 986 tondendo
1148 920 1445 988 servavit
1470 918 1847 989 interlunia.
1886 920 1986 987 Μ.
2010 920 2232 987 Varro
2255 902 2278 939 ⁸
2307 915 2626 986 adversus
2661 916 2761 985 de-

608 1021 813 1092 fluvia
846 1026 1160 1120 praecepit
1190 1025 1682 1096 observandum
1714 1025 1818 1097 id⁹
1853 1050 1892 1095 a
1931 1022 2327 1120 pleniluniis.

717 1132 1035 1199 LXXVI.
1080 1130 1336 1201 Larici¹
1380 1148 1448 1203 et
1495 1134 1708 1227 magis
1746 1132 1947 1202 abieti
1991 1132 2335 1215 succisis,
2287 1126 2308 1153 ²
2367 1127 2622 1197 humor
2649 1122 2760 1191 diu

608 1234 858 1305 defluit.
918 1240 1038 1306 Hae
1094 1241 1395 1309 omnium
1452 1240 1772 1309 arborum
1834 1238 2166 1309 altissimae
2217 1261 2298 1305 ac
2361 1236 2757 1305 rectissimae.

606 1340 900 1413 Navium
936 1342 1128 1413 malis
1162 1332 1648 1441 antennisque³
1692 1360 1970 1442 propter
2004 1328 2380 1413 levitatem⁴
2387 1340 2760 1472 Spraefertur

606 1450 809 1521 abies.
846 1453 1249 1521 Communia
1277 1452 1381 1523 his
1407 1455 1734 1548 pinoque,
1753 1466 1831 1523 ut
1855 1434 2408 1547 quadripartitos⁵
2433 1470 2758 1517 venarum

612 1625 760 1677 Fecit
808 1625 1067 1679 nimirum
1122 1627 1352 1681 affinitas
1390 1642 1637 1682 notarum

612 1708 687 1757 ι’ἱὶἱ
724 1720 777 1758 et
805 1710 877 1758 uii
900 1718 961 1759 ut
1005 1706 1063 1759 hi
1100 1709 1311 1761 numeri
1357 1709 1548 1780 saepius
1573 1710 1642 1761 ab

610 1787 1023 1840 amanuensibus
1068 1800 1521 1859 pei-mutarentur·
1575 1795 1644 1843 At

610 1866 746 1919 Cato
790 1879 964 1937 septem
1018 1867 1177 1921 habet
1196 1905 1215 1930 ,
1268 1888 1385 1939 cap.
1430 1886 1639 1923 xxxvii.

620 1971 643 1993 ι
656 1945 775 1999 -Nisi
802 1946 1159 2011 intermestri,
1187 1948 1363 2020 inquit
1376 1990 1391 2013 ,
1409 1950 1643 2021 lunaque

612 2023 889 2079 dimidiata
910 2028 1185 2079 materiam
1204 2047 1273 2081 ne
1296 2032 1502 2101 tangas:
1526 2030 1642 2082 Ma·

612 2106 827 2170 teriam,
855 2125 1015 2178 quam
1048 2106 1305 2173 effodies,
1341 2122 1433 2163 aut
1452 2109 1644 2180 prasci-

613 2182 707 2238 des
720 2186 813 2240 ahs
827 2200 967 2239 terra
988 2185 1182 2244 diebus
1201 2201 1423 2259 septem.
1450 2189 1646 2261 quibus

612 2264 741 2318 luna
763 2265 923 2336 plena
944 2266 1123 2332 fuerit,
1135 2268 1339 2339 optime
1364 2268 1643 2321 eximetur.

615 2344 860 2398 Omnino
879 2358 1089 2411 caveto,
1107 2366 1345 2418 nequam
1368 2348 1644 2401 materiam

614 2422 790 2491 doles,
810 2444 918 2479 neu
940 2425 1131 2488 codas,
1164 2446 1270 2479 neu
1300 2440 1512 2500 tangas,
1541 2428 1644 2480 nisi

614 2504 805 2558 siccam
829 2545 844 2568 ,
865 2525 972 2560 neu
994 2504 1224 2578 gelidam
1242 2548 1257 2572 ,
1276 2526 1381 2561 neu
1406 2507 1649 2561 rorulen-

614 2597 741 2640 tam.
764 2611 787 2633 ι
817 2586 887 2640 Et
905 2586 1352 2658 auctorGeopou.
1376 2590 1648 2659 Διχοτόμου

614 2667 760 2727 οὔσης
800 2668 934 2720 κατὰ
970 2666 1029 2719 τὸ
1063 2670 1385 2723 πανσίληνον.
1421 2668 1606 2722 Hui).

700 2750 754 2799 6.
788 2748 971 2800 Caveto
1001 2754 1209 2817 nigram.
1254 2748 1335 2800 Ita
1370 2746 1522 2801 MSS.
1555 2748 1649 2799 Li-

615 2826 829 2879 bentius
851 2839 1060 2885 tamen,
1112 2852 1137 2874 c
1164 2839 1349 2880 caveto
1378 2846 1448 2880 ne
1484 2844 1647 2899 quam

618 2906 892 2958 materiam
908 2944 921 2966 ‚
951 2932 975 2953 ι
1012 2924 1074 2959 ex
1100 2906 1301 2959 Catone
1318 2906 1646 2978 agnoverim.

617 2986 995 3057 Dalecampius
1022 2986 1151 3056 legit
1180 2990 1355 3056 nigra,
1384 2985 1646 3039 subintel-

615 3064 817 3137 ligique
838 3066 1019 3119 lunam
1044 3065 1211 3137 jubet.
1238 3064 1387 3131 Quid
1398 3084 1566 3137 porro
1579 3066 1648 3120 sit

614 3146 745 3199 luna
772 3146 948 3219 nigra,
976 3145 1173 3199 nescio.
1200 3146 1383 3199 Hum.

698 3244 755 3298 7.
792 3227 1016 3280 Tiberius
1042 3226 1180 3279 idem.
1205 3228 1287 3280 De
1313 3245 1423 3299 quo
1452 3244 1646 3296 nempe

613 3308 886 3378 proxime,
914 3326 1029 3379 cap.
1062 3326 1181 3379 sup.
1215 3308 1294 3361 lta
1316 3306 1469 3360 MSS.
1496 3307 1565 3359 fl.

700 3388 755 3441 8.
799 3388 875 3441 Μ.
912 3390 1091 3440 Varro.
1120 3386 1240 3440 Lib.
1260 3389 1287 3440 1
1310 3386 1383 3440 ‘de
1408 3388 1487 3440 Re
1511 3398 1642 3439 rust.

616 3482 735 3537 cap.
763 3466 835 3537 37
854 3504 871 3533 ,
914 3470 1008 3521 ubi
1042 3480 1096 3521 et
1128 3470 1286 3521 Varr.
1316 3464 1566 3521 emendat
1593 3479 1646 3519 et

616 3546 761 3599 hunc
792 3547 949 3601 Plinii
1002 3550 1178 3601 locum
1222 3546 1443 3601 adducit
1488 3546 1641 3599 Fulv.

617 3626 801 3680 Ursin.
834 3630 1040 3682 Darne.

699 3725 756 3775 9.
792 3708 1157 3761 Observandum
1182 3708 1251 3761 id.
1288 3708 1496 3778 Nempe
1521 3720 1640 3760 ton·

612 3782 731 3839 deri
754 3804 783 3838 a
803 3788 1108 3859 pleniluniis
1132 3788 1493 3861 tempestivius
1513 3804 1639 3840 esse.

615 3866 827 3933 Varro,
854 3866 925 3921 de
957 3870 1020 3921 R.
1049 3870 1113 3922 R.
1148 3869 1242 3922 lib.
1270 3870 1325 3927 1.
1374 3886 1493 3939 cap.
1533 3864 1639 3936 37:

622 3972 645 3995 ιι
670 3948 811 4019 Ergo
837 3949 932 4002 ista
962 3950 1118 4003 etiam
1136 3986 1153 4013 ,
1176 3949 1351 4023 inquit
1368 3946 1646 4019 Agrasius,

614 4046 723 4079 non
772 4029 948 4082 solum
982 4029 1037 4082 iu
1080 4028 1271 4082 ovibus
1316 4025 1608 4081 tondendis
1630 4066 1646 4091 ,

614 4104 707 4159 sed
745 4108 803 4160 iu
840 4126 960 4162 meo
1004 4109 1197 4181 capillo
1228 4130 1258 4162 a
1303 4120 1455 4180 patre
1497 4125 1646 4161 acce-

1730 1640 1884 1699 ptum
1920 1646 2073 1681 servo
2094 1665 2109 1687 ,
2165 1644 2234 1678 ne
2265 1622 2608 1677 decrescente
2638 1621 2756 1672 luna

1729 1706 1956 1761 tondens
2002 1706 2296 1759 calvefiam.
2333 1728 2354 1750 ι
2391 1702 2507 1755 Ubi
2549 1700 2760 1753 Fulvius

1731 1789 1960 1841 Ursinus
2001 1786 2141 1839 male
2186 1780 2472 1850 emendat,
2509 1794 2570 1835 ut
2609 1781 2760 1833 deeru-

1730 1880 1888 1921 scente
1909 1868 2044 1920 luna.
2071 1865 2258 1919 Hum.

1811 1946 2066 2001 LXXVI.
2120 1964 2172 1999 1.
2205 1946 2406 2006 Lae-ici,
2438 1954 2543 1995 etc.
2588 1940 2757 2020 Tbeo·

1731 2029 1932 2098 phi-ast.
1960 2024 2094 2079 nist.
2132 2026 2228 2079 lib.
2263 2026 2340 2089 V,
2376 2041 2496 2093 cap.
2533 2040 2560 2073 a
2589 2038 2602 2073 ε
2627 2027 2754 2073 ow·

1731 2104 1790 2162 δὲ
1817 2112 2070 2179 τρωθῶσι,
2098 2108 2169 2177 ῥεῖ
2206 2104 2293 2159 καὶ
2325 2106 2380 2157 ἐκ
2409 2108 2510 2155 τῶν
2537 2104 2630 2161 τῆς
2661 2102 2760 2153 ἰλά-

1731 2208 1823 2249 ‘mc
1837 2230 1851 2253 ,
1883 2187 1970 2241 καὶ
1993 2189 2050 2239 ἐκ
2077 2192 2173 2237 τῶν
2195 2191 2284 2246 τῆς
2305 2185 2492 2241 *infin-nc
2507 2181 2593 2235 ἐπὶ
2616 2180 2755 2233 πολὺν

1731 2270 1896 2338 χρόνον
1919 2268 2142 2337 ὑγρότης·
2165 2264 2248 2318 καὶ
2271 2266 2452 2334 μᾶλλον
2468 2264 2528 2315 ἐκ
2553 2268 2653 2315 τῶν
2678 2262 2756 2317 τῆς

1735 2349 1932 2408 ἐλάτης.
1965 2347 2196 2397 Rursum
2221 2345 2378 2399 πιὺκη
2409 2342 2548 2394 larix
2575 2354 2671 2393 est.
2691 2338 2752 2391 Η.

1821 2446 1872 2479 2.
1901 2425 2124 2479 Suceiu's.
2165 2424 2524 2495 Theophrast.
2561 2420 2696 2473 nist.
2723 2417 2756 2470 l.

1733 2507 1807 2573 V,
1832 2525 1952 2577 cap.
1987 2526 2036 2558 ².
2077 2506 2283 2558 Dauo.

1818 2585 1869 2639 3.
1900 2587 2112 2639 Navium
2136 2584 2279 2636 malis
2303 2585 2756 2654 menni-squamm-

1733 2666 2089 2736 Theophrast.
2109 2664 2246 2719 Hist.
2271 2662 2369 2716 lib.
2397 2662 2515 2727 111,
2539 2680 2660 2732 cap.
2693 2660 2722 2711 8
2743 2696 2756 2719 ‚

1736 2747 1922 2800 abietis
1975 2743 2252 2799 caudicem
2307 2754 2591 2813 comparat
2649 2756 2756 2793 cum

1733 2827 1884 2880 navis
1905 2827 2112 2880 arbore.
2145 2826 2352 2876 Dum.

1820 2912 1872 2969 4.
1903 2907 2187 2959 Levitatem.
2217 2903 2464 2957 Gronov.
2493 2913 2548 2954 et
2573 2900 2654 2953 Al.
2683 2898 2760 2951 la·

1736 2990 1946 3039 vitatem.
1981 2986 2085 3039 ΕΙ).

1819 3068 1871 3121 5.
1895 3066 1964 3119 Ue
1987 3064 2366 3137 quadripartitos
2382 3080 2649 3123 mnarum,
2666 3070 2757 3111 etc.

1733 3149 1961 3207 Κτένας
1999 3142 2247 3207 κτηδόνας
2271 3144 2355 3197 καὶ
2401 3137 2663 3211 διαφύσεις
2689 3158 2756 3189 τε·

1732 3229 1980 3298 τραζόους.
1985 3224 2267 3277 Vitruvius
2285 3219 2654 3293 quadrifluvio
2671 3214 2756 3269 dis-

1732 3319 1944 3379 paratos
1979 3317 2152 3358 vocat.
2185 3306 2388 3356 Dum.
2427 3332 2505 3343 —-
2551 3296 2754 3370 Quodsi·

1728 3391 1956 3457 partitos.
1987 3385 2232 3438 Pectines
2258 3394 2528 3455 quatuor,
2559 3396 2651 3433 seu
2673 3394 2755 3427 ve-

1731 3485 1922 3520 narum
1957 3482 2145 3518 cursus
2165 3502 2178 3524 .
2219 3481 2358 3535 quos
2380 3463 2436 3513 in
2460 3459 2636 3531 polita
2659 3472 2754 3509 ma-

1733 3546 1876 3599 xime
1929 3544 2144 3599 materia
2197 3542 2466 3596 cernimus
2523 3538 2752 3592 amnium

1735 3627 1928 3684 instar.
1955 3623 2276 3696 unguiumve
2303 3638 2538 3693 serpere.
2557 3620 2615 3672 si
2635 3632 2752 3688 qua-

1735 3703 1874 3759 terni
1901 3704 2102 3759 fuerint
2121 3742 2136 3768 ,
2173 3698 2590 3775 quadripartitos
2611 3713 2755 3749 vena·

1731 3804 1856 3839 rum
1891 3802 2076 3841 cursus
2101 3783 2348 3836 materies
2389 3780 2596 3833 habere
2631 3776 2752 3830 dici·

1733 3877 1852 3930 ται-ς
1884 3865 1995 3931 vel,
2017 3877 2078 3918 ut
2104 3863 2388 3916 Vitruvius
2412 3860 2486 3912 ait
2507 3896 2524 3922 ,
2549 3854 2752 3929 quadri·

1735 3946 1914 3999 fluviis
1928 3962 2040 3998 esse
2059 3943 2326 4014 disparata
2346 3941 2422 3994 :si
2441 3938 2560 3991 bini
2585 3933 2747 3991 modo.

1734 4026 1902 4078 bifido
1948 4042 2203 4077 venarum
2245 4040 2403 4075 cursu
2426 4035 2441 4072 ε
2463 4019 2506 4071 si
2541 4018 2750 4075 unicus.

1735 4105 1996 4177 simplice.
2029 4104 2210 4157 fluo.
