2984 5009
706 451 859 526 336
1234 456 1313 524 C.
1372 457 1720 529 PLINII
1775 457 2000 526 NAT.
2059 457 2318 525 ffls‘r.

703 613 858 658 cum
898 587 1455 684 Ammineumque
1489 589 1750 661 octonis
1777 590 1924 660 aeris
1947 587 1994 613 ²¹
2033 586 2288 682 singula
2305 585 2354 614 ¹²
2389 586 2819 683 quadrantalia

705 693 1041 764 venderet.
1088 697 1245 764 Haec
1284 693 1461 766 enim
1508 697 1718 766 verba
1755 710 1932 766 sunt.
1967 697 2182 764 Tanta
2210 719 2372 764 vero
2415 696 2574 764 vino
2609 697 2820 766 Graeoo

708 802 919 897 grati-a
958 815 1135 883 erat,
1180 813 1257 870 ut
1285 801 1562 897 singulae
1599 803 1910 899 potiones
1941 803 2010 871 in
2044 801 2358 871 convictu
2392 801 2723 871 darentur.

812 910 1035 978 XVII.
1090 907 1353 996 Quibus
1391 911 1565 980 vinis
1613 911 1975 980 auctoritas
2027 907 2229 978 fuerit
2279 932 2401 978 sua
2455 909 2524 978 in
2576 933 2813 994 mensa,

706 1015 805 1084 M.
847 1015 1069 1092 Varro
1114 1013 1218 1085 his
1255 1015 1475 1086 verbis
1513 1017 1761 1087 tradit:
1809 1020 1889 1087 L.
1930 1014 2250 1086 Lucullus
2289 1039 2457 1110 puer
2497 1013 2680 1110 apud·
2709 1039 2818 1109 pa-

704 1135 875 1190 trem
908 1144 1248 1216 nunquam
1276 1121 1530 1194 lautum
1561 1125 1944 1194 convivium
1973 1121 2170 1204 vidit,
2201 1123 2272 1190 in
2299 1147 2434 1217 quo
2461 1120 2614 1218 plus
2641 1119 2817 1190 semel

706 1229 1021 1298 Graecum
1058 1228 1287 1298 vinum
1324 1227 1618 1308 daretur.
1661 1233 1813 1326 lpse
1845 1255 2052 1325 quum
2083 1227 2282 1299 rediit
2310 1253 2394 1298 ex
2421 1230 2616 1315 Asia,
2651 1226 2825 1297 millia

706 1333 988 1404 cadum*
1032 1334 1101 1403 in
1141 1335 1592 1429 congiarium²
1637 1336 1866 1406 divisit
1913 1327 2193 1432 amplius
2233 1349 2528 1406 centum.
2569 1338 2652 1406 C.
2691 1337 2824 1404 Sen-

707 1441 875 1528 tius,
932 1465 1130 1535 quem
1205 1455 1565 1536 praetorem
1630 1439 1952 1529 vidimus,
1997 1443 2240 1514 Chium
2291 1442 2528 1512 vinum
2581 1441 2824 1512 domum

709 1571 895 1616 suam
932 1545 1189 1616 illatum
1232 1548 1500 1620 dicebat
1536 1564 1680 1620 tum
1717 1551 2041 1645 primum,
2081 1573 2288 1645 quum
2336 1533 2502 1620 sibi³
2551 1547 2825 1619 cardiaco

710 1653 1005 1724 medicus
1046 1653 1357 1726 dedisset.
1404 1659 1798 1728 Hortensius
1843 1681 2044 1753 super
2087 1656 2316 1726 decem
2357 1653 2578 1726 millia
2617 1653 2828 1724 cadum

708 1760 939 1830 heredi
974 1759 1255 1856 reliquit.
1302 1765 1646 1834 Hactenus
1678 1767 1916 1834 Varro.
1962 1755 2134 1857 (xv.)
2171 1760 2395 1853 Quid?
2426 1787 2570 1833 non
2607 1774 2674 1832 et
2709 1762 2826 1830 (3ae-

622 1947 631 1954 ‚
709 1891 819 1936 sar
864 1867 1151 1937 dictator
1207 1869 1532 1966 triumphi
1584 1872 1684 1940 sui
1733 1891 1926 1940 coena
1977 1872 2114 1939 vini
2155 1869 2418 1939 Falerni
2467 1869 2828 1965 amphoras,

711 1973 863 2044 Chii
936 1973 1135 2046 cados
1200 1976 1268 2045 in
1337 1977 1649 2046 convivia
1709 1963 2127 2047 distribuit⁴3²
2187 1976 2376 2047 Idem
2436 1971 2828 2070 Hispaniensi

712 2080 1056 2174 triumpho
1114 2081 1403 2169 Chium,
1458 2097 1528 2152 et
1583 2083 1940 2154 Falernum
1997 2082 2199 2153 dedit.
2260 2079 2484 2177 Epulo
2525 2067 2736 2152 ’vero⁵
2773 2081 2828 2148 in

716 2254 1017 2308 mationem·
1037 2273 1305 2308 annonam
1334 2254 1438 2308 fori
1468 2257 1747 2310 vocabant.

711 2331 875 2406 Apud
897 2335 1116 2389 Terent.
1138 2337 1375 2388 Donatus
1392 2373 1407 2401 ,
1430 2335 1564 2389 illud
1581 2371 1599 2400 ‚
1615 2339 1749 2388 sceleti

713 2415 955 2482 niciforo,
999 2427 1274 2486 sumptum
1304 2415 1420 2469 vult
1447 2433 1477 2468 a
1507 2415 1746 2486 negotia-

716 2493 949 2556 toribus,
972 2495 1097 2566 qui,
1121 2495 1309 2566 quanti
1332 2493 1595 2558 vendant,
1626 2513 1747 2567 quae

710 2571 1018 2636 advehunt,
1036 2593 1149 2627 uon
1171 2574 1550 2646 proscribunt,
1575 2575 1748 2646 prius-

711 2671 873 2724 quam
888 2653 1173 2708 venientia
1192 2654 1503 2707 commercii
1527 2655 1707 2709 locum
1723 2673 1740 2708 t

1833 2255 1978 2328 fios,
2017 2256 2103 2309 vel
2139 2267 2200 2310 ut
2241 2255 2358 2310 aliis
2403 2257 2614 2328 placet,
2658 2253 2828 2308 duode-
2863 2265 2868 2272 “

1834 2353 1934 2388 nos
1985 2335 2198 2408 capiens
2213 2375 2229 2401 ‚
2275 2347 2336 2388 ut
2364 2335 2630 2407 amphora
2657 2347 2830 2389 tantum

1835 2427 2078 2469 octonos.
2105 2415 2287 2468 Haan.

1923 2515 1976 2548 2.
2030 2495 2092 2548 In
2135 2497 2452 2566 congiarium.
2519 2493 2830 2567 Congiarium

1831 2589 2029 2626 munus
2051 2584 2164 2627 erat
2179 2614 2195 2639 ,
2228 2593 2337 2646 quo
2363 2573 2606 2646 populus
2631 2573 2831 2628 donalia-

1833 2663 1922 2706 tm·
1939 2692 1955 2718 ‚
1993 2665 2058 2706 ut
2095 2653 2288 2708 milites
2317 2652 2600 2708 donativo.
2644 2656 2830 2706 Sueten.

712 2730 1113 2786 sedsecundum
1134 2750 1399 2786 annonam
1422 2733 1527 2786 fori
1543 2771 1558 2796 ,
1581 2751 1742 2805 quam

711 2810 1124 2885 deprehenderit
1142 2848 1161 2875 ,
1188 2811 1257 2865 de
1297 2809 1612 2877 vendendis,
1651 2825 1744 2867 aut

711 2909 821 2944 non
848 2889 1141 2945 vendendis
1164 2892 1431 2946 mercibus
1460 2891 1742 2945 consilium

716 2972 951 3042 capiunt.
994 2969 1239 3024 Raevard.
1289 2971 1386 3024 lib.
1426 2971 1510 3024 ΙΙΙ
1547 2971 1742 3026 Vario·

712 3069 863 3112 rum,
894 3069 1011 3121 cap.
1048 3069 1137 3120 17.
1162 3052 1373 3105 Duae.

800 3149 825 3184 ι
842 3149 889 3184 ι.
932 3129 1135 3185 octonis
1155 3135 1285 3183 oeris.
1315 3131 1431 3183 Hoc
1460 3143 1567 3196 est,
1593 3143 1740 3185 octo·

710 3211 796 3264 nis
808 3211 1007 3264 assibus
1019 3249 1036 3276 ,
1071 3229 1292 3265 romano
1305 3229 1365 3264 ac
1378 3211 1544 3264 veteri
1562 3231 1710 3266 more
1725 3230 1739 3263 ε

712 3307 943 3364 quorum
974 3289 1099 3344 deni
1140 3291 1343 3348 octonis
1378 3291 1581 3344 assume
1629 3309 1746 3344 mo-

710 3383 849 3426 neta
884 3363 1109 3443 :gallico
1158 3369 1508 3423 aestimatione
1563 3383 1744 3424 nostra

654 3439 665 3452 ¹
712 3463 1087 3522 permutantur
1116 3467 1131 3502 τ
1156 3449 1349 3506 ,octoni
1413 3450 1526 3502 fere
1582 3449 1742 3502 senis·

716 3529 859 3584 Vide
884 3548 1005 3602 quoe
1033 3529 1231 3584 dicturi
1276 3548 1459 3583 sumus
1488 3528 1586 3584 lib.
1616 3529 1742 3595 XV,

713 3627 829 3680 cap.
866 3633 886 3663 ι
908 3651 924 3674 ,
959 3611 1127 3664 etlib.
1159 3611 1385 3676 XVIII,
1419 3627 1538 3681 cap.
1574 3617 1643 3676 4,
1673 3607 1744 3663 de

712 3687 815 3742 hac
836 3690 1037 3742 vilitate
1062 3691 1237 3743 omnis
1261 3708 1507 3743 annona.
1533 3687 1600 3743 Η.

802 3785 825 3822 1
842 3789 891 3822 a.
912 3771 1290 3838 Quadi-antula.
1314 3769 1461 3835 Quid
1484 3767 1745 3841 quadran·

714 3847 785 3900 tal
802 3887 818 3910 ‚
849 3867 941 3901 seu
975 3849 1231 3922 amphora
1252 3851 1320 3903 sit
1334 3889 1351 3916 ,
1370 3849 1605 3904 diximus
1624 3865 1740 3920 cap.

720 3927 772 3981 5.
797 3925 976 3979 Han.

796 4007 977 4060 XVII.
1024 4025 1078 4059 1.
1118 4009 1283 4061 Miltia
1331 4009 1522 4063 eadum.
1564 4007 1742 4064 Cadus

714 4099 795 4140 est
815 4087 949 4140 vasis
976 4087 1171 4140 vinarii
1196 4107 1364 4159 genus
1388 4088 1576 4144 decem
1611 4107 1740 4144 cou-

1831 2731 1888 2784 iu
1915 2735 2051 2806 Aug.
2083 2751 2198 2804 cap.
2231 2751 2362 2786 χιιι
2391 2757 2412 2780 ι
2443 2733 2725 2806 Congiaria
2749 2732 2833 2785 tre·

1831 2825 2056 2883 quenter
2079 2811 2285 2884 populo
2309 2809 2493 2872 dedit.
2523 2825 2628 2867 ete.
2663 2839 2684 2861 ι
2709 2813 2770 2864 Η.

1915 2891 1969 2947 3.
2001 2891 2110 2945 Sibe·
2152 2889 2395 2944 cardiaco.
2427 2891 2716 2947 cardiacus
2739 2901 2838 2954 est,·

1829 2973 1925 3043 qui
1953 2969 2196 3025 cardiaco
2223 2971 2418 3024 morbo
2447 2985 2686 3026 tentatur
2709 2991 2722 3023 t
2747 2987 2832 3042 quo

1833 3049 1904 3105 de
1926 3069 2122 3123 genere
2157 3050 2336 3110 morbi
2363 3049 2610 3106 dicemus
2633 3051 2688 3104 in
2711 3048 2834 3102 libris

1831 3127 1900 3183 de
1924 3129 2208 3184 Medicina.
2233 3125 2418 3184 Horat.
2448 3131 2548 3185 lib.
2564 3133 2649 3199 11,
2669 3143 2756 3184 sat.
2779 3129 2834 3183 3:

1835 3237 1860 3260 ι
1891 3211 2016 3264 Nou
2039 3222 2116 3264 est
2141 3209 2439 3278 cardiacus,
2485 3225 2589 3266 etc.
2626 3236 2649 3259 ι
2677 3210 2740 3263 Η.

1915 3291 1967 3354 ’4.
1993 3291 2054 3342 In
2086 3293 2302 3344 convivia
2324 3291 2598 3344 distribuit.
2639 3288 2703 3343 Id
2741 3297 2835 3348 est,

1829 3369 1887 3422 in
1913 3369 2122 3442 singula
2142 3365 2654 3442 convivia'singulos
2675 3366 2832 3423 cados,

1831 3449 2168 3521 singulasque
2188 3451 2492 3521 amphoras.
2519 3451 2746 3504 Convivia
2763 3446 2836 3498 hie

1831 3543 1988 3582 vocat
2035 3541 2240 3584 certum
2277 3529 2631 3584 convivarum
2675 3542 2837 3582 nume·

1831 3627 1954 3662 rum
1979 3629 2084 3662 una
2113 3607 2603 3676 discumbentium,
2634 3609 2724 3681 qui
2745 3606 2836 3658 fere

1831 3689 1970 3742 intra
1999 3689 2274 3742 Musarum
2301 3708 2588 3743 numerum
2620 3685 2836 3741 consiste·

1831 3769 1947 3834 bat,
1959 3771 2106 3840 juxta
2123 3768 2306 3822 tritum
2321 3768 2456 3822 illud
2477 3767 2832 3841 proverbium:

1840 3875 1864 3898 ι
1895 3850 2104 3920 Septem
2133 3849 2440 3902 convivium
2458 3889 2476 3915 ,
2515 3865 2714 3902 novem
2733 3859 2837 3898 con·

1832 3929 2041 3982 vitium.
2061 3954 2083 3976 ι
2119 3927 2337 3982 Gaui«.

1915 4009 1968 4062 5.
1982 4009 2146 4080 Epulo
2159 4009 2490 4074 vsro.Quum
2509 4019 2646 4061 esset
2673 4001 2830 4074 epulo·

1831 4089 2104 4161 Epulones
2151 4087 2476 4143 dicebantur
2523 4087 2563 4142 ii
2599 4125 2618 4152 ,
2663 4082 2832 4156 quibu!
