2984 5009
1196 428 1273 494 C.
1330 428 1668 498 PLINII
1719 430 1939 499 NAT.
1997 430 2255 497 HIST.

1315 548 1339 592 a

645 421 789 492 606

644 573 843 652 atque
885 559 976 627 ita
1016 559 1307 654 sapinus¹
1378 548 1764 633 vocatur¹⁵:
1813 564 2117 656 superior
2161 588 2319 658 pars
2359 565 2605 635 nodosa
2651 566 2776 635 du-

642 668 944 759 riorque,
992 653 1359 737 fusterna¹⁶.
1437 672 1524 739 Et
1576 672 1644 737 in
1697 667 1919 763 ipsis¹⁷
1986 684 2212 737 autem
2265 672 2614 742 arboribus
2669 699 2780 742 ro-

641 772 969 842 bustiores
1018 773 1380 867 Aquiloniae
1436 762 1746 871 partes¹⁸.
1807 778 1898 845 Et
1961 777 2032 843 in
2077 791 2293 846 totum
2320 776 2368 817 ¹⁹
2433 779 2782 849 deteriores

639 905 720 947 ex
755 879 1043 949 humidis
1088 883 1445 975 opacisque
1473 902 1487 944 τ
1520 884 1860 977 spissiores
1897 907 1978 951 ex
2007 885 2284 977 αρτ-ἱείς,
2331 910 2412 954 ac
2438 885 2780 955 diuturnae.

636 985 799 1055 Ideo
834 989 1067 1057 Romae
1113 988 1405 1058 infernas
1448 990 1626 1059 abies
1655 991 1994 1084 supernati
2036 990 2474 1085 praefertur²⁰.
2508 996 2626 1063 Est
2663 1018 2786 1087 per

635 1095 931 1188 gentium
964 1119 1231 1188 quoque
1263 1098 1567 1190 regiones
1603 1099 1670 1164 in
1701 1098 1776 1165 iis
1807 1095 2200 1165 differe-ntia.
2229 1097 2546 1194 Alpibus.,
2577 1102 2786 1195 Apen-

633 1202 926 1295 ninoque
1004 1199 1465 1273 laudatissimae
1515 1229 1530 1271 ε

635 1309 971 1402 Vogeso²²
1011 1327 1027 1369 τ

632 1535 752 1590 quae
786 1517 1023 1570 materiei
1072 1516 1346 1571 decoratio
1400 1530 1493 1572 est.
1529 1518 1664 1573 Sane

630 1610 817 1651 contra
842 1598 1117 1668 scriptoris
1140 1600 1478 1663 sententiam,
1503 1618 1664 1671 quam

628 1680 844 1751 planam
874 1678 1107 1730 vitruvii
1134 1680 1306 1731 oratio
1352 1680 1495 1732 facit.
1535 1704 1558 1725 ι
1583 1681 1663 1732 Ex

626 1760 799 1812 abiete
835 1771 1012 1810 autern
1038 1796 1053 1822 ,
1082 1758 1256 1829 inquit
1284 1758 1405 1823 ille,
1446 1759 1542 1811 lib.
1569 1760 1657 1821 11,

626 1859 746 1909 cap.
774 1857 838 1908 9,
863 1857 983 1909 pag.
1028 1838 1097 1889 33
1115 1877 1132 1902 ,
1161 1850 1447 1909 antequam
1474 1850 1556 1893 est
1578 1857 1663 1892 ex-

627 1920 733 1974 cisa
750 1959 765 1984 ,
794 1938 913 1990 quoe
946 1936 1066 1988 pars
1094 1932 1171 1970 est
1196 1919 1442 1989 proxima
1473 1933 1655 1981 terrae,

624 2018 725 2071 per
740 1998 947 2051 radices
960 1998 1226 2067 excipiens
1242 2016 1305 2051 ex
1321 2000 1659 2069 proximitate

625 2080 907 2133 humorem
926 2116 941 2143 ‚
969 2077 1158 2131 enodis
1180 2092 1232 2131 et
1252 2078 1455 2151 liquida
1471 2078 1657 2132 'effici-

625 2172 750 2213 tnr:
782 2176 903 2231 quae
933 2178 1064 2211 vero
1090 2170 1170 2210 est
1200 2160 1505 2229 superior...
1527 2178 1656 2229 pro-

624 2253 745 2311 pter
789 2237 1096 2291 nodationis
1158 2238 1411 2291 duritiem
1458 2239 1657 2292 dicitur

624 2338 733 2373 esse
762 2320 1011 2371 fusterna.
1042 2321 1219 2371 Immo
1245 2331 1417 2372 autem
1437 2358 1452 2384 ,
1484 2338 1654 2391 quum

622 2400 793 2453 excisa
818 2398 1189 2470 quadrifluviis
1208 2398 1524 2469 disparatur,
1548 2402 1654 2469 eje-

620 2492 713 2533 cto
734 2480 915 2533 rotulo
932 2518 948 2545 ‚
970 2498 1032 2531 ex
1060 2476 1245 2532 eadem
1278 2480 1471 2533 arbore
1488 2479 1556 2532 ad
1577 2482 1654 2532 in·

623 2560 816 2613 testina
844 2577 1008 2630 opera
1036 2572 1407 2629 comparatur,
1438 2572 1491 2612 et
1519 2560 1648 2631 sapi·

618 2658 717 2693 nea
732 2652 970 2693 vocatur.
984 2664 1005 2685 ι
1027 2638 1412 2704 Quadrifluviis
1424 2675 1439 2703 ,
1453 2639 1646 2710 inquit,

617 2718 887 2791 disparata
907 2721 1171 2783 materies,
1184 2736 1303 2790 quae
1324 2732 1402 2771 est
1420 2720 1642 2791 optima.

596 2813 678 2865 ⁸ut
703 2798 961 2859 diximus,
992 2812 1269 2869 postquam
1296 2798 1512 2851 fluviata
1542 2812 1651 2864 est,

616 2896 708 2932 seu
728 2880 872 2933 amni
894 2896 1059 2931 mersa
1077 2916 1092 2942 ,
1123 2880 1291 2947 ejecto
1316 2879 1493 2931 torulo
1509 2918 1524 2940 ,
1542 2878 1646 2933 hoc

616 2971 726 3025 est,
752 2959 979 3011 alburno
1012 2976 1133 3009 cum
1164 2958 1387 3021 cortice,
1414 2957 1483 3011 ad
1505 2960 1646 3013 inte·

614 3040 749 3092 stina
775 3057 939 3109 opera
966 3050 1325 3107 comparatur.
1354 3037 1540 3093 Hann-

702 3126 788 3183 14.
810 3119 1037 3189 Supinas.
1054 3118 1141 3170 Sic
1163 3118 1416 3171 Vitruvio
1430 3119 1536 3173 loc.
1552 3119 1640 3172 cit.

610 3198 719 3250 ima
748 3198 991 3269 sapinea‚
1020 3216 1227 3251 summa
1257 3215 1382 3268 pars
1407 3200 1643 3253 fusterna

610 3276 807 3332 dieitur
823 3317 838 3343 ,
872 3290 1096 3350 propter
1138 3276 1443 3331 nodationis
1487 3278 1641 3332 duri·

609 3358 756 3411 tiem.
788 3360 975 3412 Ilum.

694 3458 716 3492 1
734 3439 763 3492 5
772 3480 784 3492 .
798 3439 1011 3511 Sapirues
1026 3452 1247 3491 vocatur.
1267 3440 1423 3493 Conf-
1438 3438 1508 3493 αὖ
1523 3458 1639 3511 cap.

613 3517 681 3570 23
705 3518 929 3590 hujusce
958 3520 1100 3572 libri.
1126 3521 1233 3572 Eu.

664 3616 671 3625 ·
693 3604 782 3652 16.
842 3600 1119 3673 Durior-que
1136 3637 1153 3664 ,
1191 3602 1438 3667 fusterna.
1495 3599 1638 3665 Quia

604 3677 805 3732 nodosa
826 3719 842 3744 ,
886 3692 948 3731 ut
989 3679 1161 3733 solent
1215 3698 1327 3734 esse
1374 3680 1537 3733 fustes
1582 3692 1636 3732 et

605 3758 816 3823 baculi,
844 3760 1043 3813 crebris
1068 3772 1127 3811 ut
1156 3760 1447 3831 plurimum
1474 3758 1634 3811 nodis

602 3839 793 3910 asperi.
824 3839 1003 3892 Ham).

690 3938 711 3970 ι
726 3938 779 3988 7.
812 3920 884 3971 Et
910 3922 961 3971 in
980 3920 1469 3990 ipsis.Thebp}2rast.
1492 3918 1628 3973 nist.

602 3997 697 4051 lib.
727 4000 799 4065 V,
822 4018 937 4071 cap.
964 4020 1012 4052 2.
1048 3998 1231 4069 Himn.

690 4096 711 4131 ι
725 4082 776 4133 8.
810 4081 1089 4152 Aquiloniae
1122 4090 1305 4149 partes.
1350 4078 1625 4149 Theophr‚

1616 1204 1683 1271 in
1743 1200 2003 1289 Gallia,
2057 1205 2342 1292 Jura²¹‚
2417 1229 2498 1274 ac
2565 1222 2784 1276 monte

1083 1309 1151 1377 in
1207 1298 1579 1395 Corsica'³‚
1631 1308 1940 1403 Bithynia
1968 1362 1990 1397 ‚
2035 1312 2294 1397 Ponto,
2366 1312 2782 1383 Macedonia.

1757 1516 1893 1571 Hist.
1920 1518 2016 1571 lib.
2041 1520 2099 1584 1,
2123 1536 2241 1591 cap.
2280 1538 2300 1574 ι
2317 1526 2348 1583 4
2367 1558 2385 1585 ,
2415 1534 2469 1575 et
2507 1521 2605 1575 lib.
2629 1523 2700 1587 V,
2735 1542 2786 1577 ο.

1757 1616 1806 1651 a.
1839 1599 2042 1652 Duxe-

1843 1695 1932 1745 19.
1961 1680 2038 1730 Et
2067 1682 2118 1729 ἱη
2141 1690 2309 1733 totum.
2331 1680 2611 1753 Theophr.
2643 1681 2782 1736 His«.

1751 1756 1848 1813 lib.
1875 1759 1948 1821 V,
1979 1777 2096 1827 cap.
2129 1760 2184 1812 3.
2209 1760 2390 1813 Hsnn.
2473 1773 2482 1785 ⁸

1836 1858 1922 1892 πο.
1951 1840 2178 1906 Iasi-mas
2207 1842 2338 1892 abies
2381 1845 2633 1911 supernati
2647 1862 2784 1912 ρω-

1736 1919 1922 1983 sertur·
1952 1918 2194 1972 Infernas
2235 1922 2414 1985 abies,
2453 1935 2508 1975 et
2545 1941 2676 1975 casa
2723 1923 2782 1975 in

1748 1999 2018 2069 Apennini
2048 2013 2200 2069 perte
2225 2000 2360 2053 mari
2406 2000 2628 2055 Thusco
2655 2022 2784 2072 pro-

1745 2080 1888 2131 xima
1913 2097 1927 2129 ε
1963 2098 2226 2149 supernas·
2259 2098 2392 2133 caesa
2421 2080 2480 2133 in
2509 2100 2572 2134 ea
2597 2096 2784 2152 parte,

1743 2176 1862 2229 quoe
1908 2156 2186 2212 Adriatico
2221 2160 2400 2213 vicina
2428 2174 2524 2213 est.
2568 2164 2780 2216 Dante.

1743 2268 1820 2279 —-
1843 2240 2066 2305 Infit-nas
2089 2240 2240 2291 abies.
2261 2240 2612 2310 Tyrrhenum
2635 2261 2784 2296 mare

1740 2318 1974 2371 inferum
2016 2333 2238 2372 vocatur
2259 2356 2277 2383 ,
2333 2338 2592 2390 superum
2649 2340 2786 2375 vero

1741 2397 2110 2463 Adriaticum,
2153 2412 2214 2451 ut
2255 2398 2491 2453 diximus
2530 2400 2629 2455 lib.
2663 2404 2789 2467 111,

1741 2494 1862 2548 cap.
1903 2494 1986 2531 xo.
2016 2477 2154 2542 Quae
2183 2479 2383 2532 abietes
2417 2479 2586 2550 igitur
2621 2500 2690 2534 ex
2719 2501 2782 2535 ea

1738 2558 2006 2629 Apennini
2033 2572 2184 2629 parte
2203 2596 2217 2617 ,
2267 2578 2386 2631 quae
2413 2557 2484 2612 ad
2531 2562 2786 2634 Tyrrhe·

1737 2654 1871 2689 num
1895 2655 2042 2690 mare
2075 2639 2448 2708 protenditur,
2473 2638 2674 2693 advehi
2701 2662 2787 2695 so-

1734 2717 1846 2770 lent
1864 2756 1880 2783 ,
1903 2736 1978 2769 eae
2011 2715 2266 2773 dicuntur
2293 2720 2606 2773 infer-nates.
2635 2722 2784 2787 Qun

1736 2797 1802 2849 ab
1831 2816 1890 2849 ea
1919 2816 2073 2864 vero,
2103 2816 2222 2869 quae
2249 2800 2420 2870 vergit
2447 2800 2502 2852 in
2529 2799 2782 2856 Adriati-

1736 2894 1890 2943 cum,
1928 2890 2241 2947 supernates
2271 2880 2646 2933 nominantur.
2681 2884 2786 2936 Vi-

1734 2969 1875 3010 truv.
1901 2957 1998 3009 lib.
2020 2958 2236 3029 II,cap.
2261 2976 2357 3023 ιο,
2377 2978 2434 3029 p.
2459 2960 2568 3013 33:
2591 2987 2615 3007 ι
2637 2960 2783 3018 [deo

1732 3038 2018 3090 infernates
2035 3076 2051 3103 ,
2072 3057 2191 3110 quoe
2218 3056 2284 3091 ex
2308 3039 2504 3111 apricis
2521 3040 2658 3093 loeis
2669 3060 2784 3114 ap·

1730 3130 2016 3189 portantur
2035 3152 2052 3179 ,
2103 3116 2350 3171 meliores
2397 3132 2558 3183 sunt,
2606 3139 2780 3192 quam

1733 3216 1852 3267 quae
1879 3198 1950 3250 ab
1977 3200 2158 3267 opaci·
2179 3197 2248 3251 de
2275 3200 2652 3270 supernatibus
2671 3202 2782 3256 ad-

1730 3278 2018 3331 vehuntur.
2041 3304 2064 3324 ·
2098 3274 2280 3331 Hum.

1815 3377 1844 3410 a
1859 3380 1902 3411 1.
1925 3358 1988 3410 In
2011 3356 2205 3421 Gallia,
2217 3358 2360 3412 Jum.
2378 3358 2532 3412 MSS.
2557 3379 2778 3418 omnes.

1729 3449 1783 3490 et
1819 3436 2081 3491 editiones
2107 3451 2356 3503 vetustae,
2377 3438 2580 3491 ,hu-ibus
2597 3478 2614 3505 ,
2639 3456 2710 3495 ut
2734 3449 2780 3499 l.

1725 3519 1840 3584 111,
1865 3535 1980 3588 cap.
2015 3518 2068 3571 5.
2097 3514 2289 3571 Hano.

1812 3618 1899 3653 αα.
1933 3599 2014 3650 Ac
2057 3610 2213 3649 monte
2253 3598 2315 3648 V
2305 3618 2466 3668 ogeso.
2517 3600 2592 3652 Le
2629 3617 2780 3655 mont

1725 3678 1786 3729 de
1811 3680 1868 3729 V
1861 3698 1988 3748 auge
2003 3718 2019 3741 ,
2051 3678 2106 3731 in
2133 3678 2492 3749 Letharingioe
2519 3680 2780 3735 Alsada-

1723 3776 1829 3829 que
1855 3758 2110 3811 confinio.
2136 3756 2218 3811 Ex
2245 3777 2312 3811 eo
2333 3759 2506 3812 amnis
2523 3760 2776 3818 Mosella

1721 3840 1907 3891 oritur.
1945 3837 2128 3890 Halm.

1802 3918 1894 3971 23.
1921 3920 1984 3971 In
2009 3918 2228 3971 Corsica.
2253 3918 2496 3972 Corsicas
2513 3921 2778 3989 arbores,

1720 3997 2095 4069 imprimisque
2125 3998 2325 4051 abietes
2345 3997 2527 4051 laudat
2545 4000 2774 4072 impen-

1719 4078 1828 4132 sius
1850 4078 2130 4149 Theophr.
2158 4078 2298 4133 Hist.
2323 4080 2416 4132 lib.
2441 4080 2576 4146 V,c.‘
2605 4098 2662 4149 9.
2687 4083 2772 4137 H.
