2984 5009
919 484 1231 555 LIBER
1283 487 1519 554 XIII.
2128 488 2283 561 213

181 628 296 682 tam
331 615 548 709 opima
568 612 616 652 ¹⁷
670 614 922 683 Nomio
963 612 1204 685 liberto
1245 616 1386 710 ejus
1433 630 1626 686 esset.
1672 616 1895 687 Tuber
1932 618 2067 689 hoc
2090 605 2139 645 ¹⁸
2186 636 2289 691 est

183 718 418 805 radicis,
443 720 857 815 maximeque
875 718 1236 808 laudatum,
1255 722 1436 817 quod
1455 722 1583 792 sub
1609 738 1786 793 terra
1806 738 2022 795 totum
2050 725 2283 797 fue-it:

181 840 238 894 et
259 827 467 895 rarius
498 849 700 920 quam
727 850 874 920 quae
900 850 1184 922 superne
1211 880 1230 911 ‚
1269 852 1545 924 quaeque
1582 832 1949 925 gignuntur
1987 833 2186 902 etiam
2216 836 2289 903 in

177 932 350 1001 nmis
375 958 394 1001 ε
421 932 823 1028 proprieque
855 933 1036 1027 quod
1067 935 1234 1004 tanti
1260 937 1524 1019 emitur,
1551 936 1867 1007 arborum
1890 938 2125 1008 vitium
2152 953 2287 1027 est,

173 1060 430 1130 quarum
473 1036 844 1134 amplitudo
885 1063 965 1110 ac
1006 1039 1259 1110 radices
1301 1042 1614 1112 aestimari
1656 1058 1933 1137 possunt
1973 1068 2054 1113 ex
2098 1044 2287 1114 orbi-

173 1143 278 1212 bus
298 1142 362 1211 ⁸⁹.
405 1144 584 1213 Sunt
621 1159 846 1214 autem
889 1170 1208 1242 cupresso
1266 1147 1527 1217 feminae
1576 1150 1941 1219 etiamnum
1999 1148 2283 1220 silvestri

171 1248 384 1319 similes
431 1250 596 1321 folio
613 1302 634 1334 ,
691 1250 897 1320 odore
923 1306 942 1339 ,
982 1252 1273 1324 caudice.
1327 1256 1733 1326 Ancorarius
1773 1281 1965 1325 mons
2007 1272 2287 1325 vocatur

173 1355 472 1426 citerioris
527 1359 962 1429 Mauretaniae
985 1412 1006 1449 ,
1055 1361 1168 1454 qui
1218 1358 1731 1432 laudatissimam
1781 1360 1965 1431 dedit
2000 1362 2238 1433 citrum
2268 1416 2287 1447 ,

167 1462 280 1553 jam
312 1463 698 1532 exhaustus,

253 1570 472 1637 XXX.
517 1571 774 1639 Mensis
809 1572 1140 1666 praecipua
1183 1570 1305 1641 dos
1341 1572 1410 1641 in
1452 1598 1693 1643 venam
1732 1574 1964 1668 crispis
1988 1628 2009 1659 ‚
2064 1573 2171 1642 vel
2210 1577 2275 1644 in

171 1676 430 1743 vortices
472 1700 722 1769 parvos
745 1674 782 1745 ¹.
828 1676 1000 1745 Illud
1041 1676 1334 1772 oblongo
1370 1682 1591 1750 evenit
1626 1680 1929 1752 discursu
1951 1734 1972 1767 ,
2004 1678 2285 1775 ideoque

167 1780 460 1873 tigrinum
491 1780 865 1877 appellatur
894 1809 909 1851 τ
943 1782 1074 1853 hoc
1101 1786 1384 1869 intort0,
1413 1801 1482 1855 et
1510 1786 1659 1855 ideo
1686 1785 1849 1855 tales
1880 1787 2289 1882 pantherinae

173 1887 534 1956 vocantur².
571 1888 742 1957 Sunt
773 1903 841 1957 et
869 1888 1166 1959 undatim
1207 1893 1470 1987 crispae,
1506 1891 1758 1985 majore
1793 1894 2041 1987 gratia,
2081 1895 2133 1961 si
2170 1916 2288 1988 pa·

165 2125 262 2166 ret:
285 2112 578 2184 principis,
623 2124 826 2168 tantum
867 2128 1170 2186 quaternos.

165 2223 232 2234 —-
261 2193 464 2257 Nouio,
511 2205 614 2247 etc.
653 2194 1014 2248 Sincerissima
1054 2195 1170 2249 hnc

163 2272 382 2325 omium
421 2272 580 2325 MSS.
625 2274 812 2339 lectio,
853 2275 982 2346 Reg.
1013 2296 1061 2341 ι,
1105 2294 1172 2342 a,

164 2352 298 2404 Colli.
337 2372 386 2418 1,
417 2372 476 2415 s,
509 2352 575 2417 3,
622 2354 786 2407 Paris.
811 2365 912 2407 etc.
943 2372 1064 2425 qne
1095 2353 1172 2407 sic

163 2430 210 2483 in
229 2432 454 2503 vulgatis
495 2432 652 2485 libris
675 2433 990 2503 interpolsta
1004 2470 1020 2493 .
1048 2434 1174 2505 legi-

163 2522 263 2564 tur:
289 2513 520 2565 -liberto
549 2516 666 2581 ejus
687 2524 852 2575 esset,
883 2516 1032 2584 cnjus
1059 2532 1172 2565 ma·

163 2590 274 2643 teria
317 2604 430 2645 erat
478 2593 655 2644 tuber.
704 2592 820 2644 Hoc
859 2606 936 2646 est
975 2590 1170 2647 radicis

63 2701 66 2726 ι
161 2670 364 2735 vitium,
403 2672 740 2742 maximeque
781 2672 838 2724 in
883 2690 948 2724 eo
989 2670 1169 2725 lauda-

159 2760 284 2814 tam,
321 2764 418 2803 etc.
441 2776 466 2798 n
517 2750 690 2821 Atqui
728 2750 972 2823 proxime
997 2753 1170 2823 sequi-

162 2842 250 2893 tar,
269 2830 497 2882 ‹nr-boram
523 2832 702 2883 vitiam
741 2842 828 2883 est.
875 2830 964 2884 Sic
1007 2831 1168 2903 paulo

161 2922 292 2977 post,
319 2928 446 2981 cap.
475 2910 576 2974 30,
621 2910 716 2963 ubi
753 2928 820 2963 ex
858 2908 1168 2963 eorumdem

161 2986 392 3042 ωιίἱωω
451 2989 738 3043 admonitu
811 2990 1118 3059 scripsimus
1151 3008 1166 3045 :

167 3090 188 3112 α
203 3066 320 3122 Post
335 3071 456 3123 linc
477 3067 780 3141 amplitudo
803 3082 880 3121 est
899 3086 914 3119 τ
933 3072 1042 3139 J'am
1069 3069 1166 3123 toti

161 3146 378 3203 audica
407 3153 601 3220 juvant
615 3188 632 3214 ,
653 3148 938 3219 pluresque
960 3148 1016 3201 in
1042 3167 1166 3204 una.

161 3225 332 3281 Bensae
349 3228 510 3295 vitia,
537 3229 744 3299 lignum
765 3267 782 3293 ,
819 3240 928 3281 etc.
949 3252 972 3273 ι
1007 3229 1170 3281 Plinii

161 3322 478 3379 cucumores
504 3308 686 3362 verius
709 3326 868 3377 qnam
905 3320 1169 3361 correcto·

161 3402 230 3437 res
259 3386 676 3441 ita-ediderant:
717 3409 740 3429 ι
767 3386 894 3439 Post
919 3386 1031 3439 hssc
1059 3406 1172 3441 am·

163 3464 348 3531 plitndo
395 3480 478 3520 est
507 3468 644 3541 ‚jam
693 3468 864 3519 totius
919 3464 1168 3521 caudicis.

163 3543 338 3599 Juvant
358 3548 516 3619 plura
539 3564 752 3617 quoque
783 3548 836 3599 in
862 3564 966 3598 una
989 3564 1174 3601 mensa

163 3623 290 3679 vitia.
309 3652 334 3673 ι
357 3626 576 3691 Quibus
600 3625 775 3678 verbis
793 3643 894 3677 nec
914 3625 1173 3697 elegantia

161 3700 287 3757 adest
339 3707 478 3771 ulla,
524 3723 626 3758 nec
667 3706 956 3775 probabilis
1000 3708 1176 3759 subest

161 3786 398 3838 atentia
423 3803 438 3837 :
479 3783 575 3838 sed
604 3784 860 3839 Pliniana
887 3784 1052 3838 menti
1075 3784 1174 3839 ad-

166 3878 288 3914 versa
308 3864 666 3935 penitus,qui
681 3862 810 3917 vitia
835 3882 1140 3918 mensarum
1156 3902 1174 3929 ,

165 3958 264 4009 que
283 3942 538 4015 deinceps
561 3957 838 3997 enumerat
854 3982 872 4011 ,
901 3941 1038 3997 adeo
1061 3963 1177 3999 non

164 4018 348 4087 laudat,
380 4036 446 4076 nt
479 4020 696 4077 damnet
733 4024 934 4095 potius,
973 4023 1175 4097 impro-

165 4097 358 4172 baque.
379 4100 560 4155 nm.

1345 2118 1434 2170 18.
1467 2116 1631 2169 Tuber
1655 2118 1761 2171 hoc.
1790 2116 1856 2170 Id
1872 2116 2085 2171 lamine
2107 2120 2285 2189 operi-

1259 2208 1506 2250 mentum
1530 2215 1560 2248 e
1586 2196 1778 2249 radicis
1802 2197 1991 2251 tubere
2014 2208 2094 2251 est
2112 2234 2129 2261 ,
2168 2197 2283 2250 sive

1259 2274 1444 2331 nodo:
1502 2279 1655 2345 cujus
1699 2276 1812 2332 laus
1862 2275 2130 2346 precipua
2174 2289 2283 2343 est,

1257 2353 1405 2427 quod
1453 2358 1554 2409 sub
1600 2367 1740 2409 terra
1785 2353 2061 2408 conditum
2110 2366 2283 2409 totu·

1257 2435 1395 2500 suit,
1443 2436 1541 2488 ubi
1588 2436 1758 2487 rarius
1810 2434 1965 2487 tuber
2014 2434 2283 2505 gignitur,

1258 2532 1417 2586 quam
1445 2533 1673 2586 superne
1697 2532 1711 2567 :
1756 2532 1879 2567 nam
1926 2525 1979 2567 et
2022 2514 2079 2567 in
2120 2515 2281 2567 ramis

1259 2594 1450 2647 tubera
1485 2596 1755 2649 oriuntur.
1782 2596 1865 2648 De
1906 2594 1992 2647 his
2028 2594 2281 2647 arborum

1255 2672 1414 2727 nodis
1469 2675 1671 2727 Seneca
1720 2672 1790 2726 de
1848 2672 2129 2727 Beneficiis
2181 2674 2277 2727 lib.

1258 2754 1402 2819 vn,
1431 2773 1552 2826 cap.
1583 2773 1617 2822 9
1649 2767 1663 2801 ε
1709 2774 1731 2797 ι
1750 2752 1927 2807 Video
1972 2754 2091 2807 istic
2132 2770 2279 2809 meu-

1255 2850 1334 2885 sas
1348 2866 1365 2895 ‚
1386 2847 1440 2887 et
1459 2834 1779 2887 oestimatum
1796 2834 2001 2904 lignum
2022 2834 2278 2887 senatoris

1257 2930 1446 2978 censu,
1469 2932 1535 2965 eo
1558 2912 1872 2983 pretiosius,
1908 2931 2019 2983 quo
2044 2909 2181 2964 illud
2213 2912 2273 2963 in

1254 2993 1436 3061 plures
1496 2991 1668 3045 nodos
1734 2992 1941 3045 arboris
1994 2991 2279 3045 infelicitas

1255 3072 1427 3125 torsit.
1455 3096 1478 3117 -

1344 3170 1432 3221 19.
1451 3152 1541 3203 Ex
1558 3150 1767 3203 orbibus.
1786 3150 1865 3202 Ex
1884 3149 2103 3221 integris
2128 3168 2277 3203 men·

1256 3230 1324 3284 sis
1338 3270 1354 3293 .
1373 3249 1492 3301 quse
1514 3249 1577 3285 ex
1600 3229 1787 3284 tubere
1806 3248 1915 3283 uno
1930 3230 2149 3284 fiebant.
2174 3230 2287 3282 Has

1255 3326 1495 3375 mensas,
1532 3321 1594 3362 nt
1640 3308 1905 3375 diximus,
1941 3310 2101 3363 orbes
2136 3308 2282 3363 Mar-

1258 3389 1396 3443 tialis
1416 3402 1585 3443 vocat.
1611 3388 1795 3441 Ηυιι).

1340 3470 1517 3523 XXX.
1547 3486 1599 3521 1.
1636 3467 1733 3519 Vel
1747 3469 1956 3519 vortices
1972 3485 2165 3537 parom.
2196 3467 2285 3521 Sic

1259 3548 1416 3603 MSS.
1441 3551 1573 3619 Reg.
1595 3547 1749 3600 colb.
1774 3557 1879 3599 etc.
1894 3558 2103 3609 non,ut
2118 3544 2283 3611 editi,

1262 3650 1285 3671 ·
1303 3628 1387 3683 vel
1413 3627 1681 3681 invertice
1699 3625 1883 3690 variis,
1908 3650 1931 3673 ι
1956 3625 2107 3677 nullo
2129 3625 2285 3697 plano

1261 3726 1435 3761 sensu.
1469 3708 1713 3777 Crispam
1746 3706 1801 3757 in
1832 3705 2059 3757 vortices
2087 3720 2285 3775 parvos

1262 3804 1501 3839 mensam
1531 3798 1709 3847 vocat,
1740 3804 1856 3856 qua
1876 3782 1945 3839 sd
1967 3784 2129 3838 instar
2161 3802 2285 3837 vor·

1261 3866 1428 3920 ticum
1450 3866 1651 3919 intorte
1676 3864 1971 3935 crispatur:
1996 3865 2055 3919 in
2076 3882 2291 3929 venam,

1262 3964 1381 4017 quo
1403 3946 1653 3999 venatim.
1686 3944 1869 3999 Hann.

1349 4046 1400 4077 a.
1429 4025 1545 4077 Hoc
1572 4028 1751 4077 intorto
1790 4034 1839 4076 ee
1874 4022 1983 4075 ideo
2008 4023 2128 4075 tales
2146 4040 2281 4095 pan-

1222 4108 1230 4116 '
1265 4106 1464 4157 *herim
1518 4116 1772 4163 vocatur.
1822 4102 1947 4155 Sum
1982 4114 2033 4154 et
2070 4102 2289 4155 undatim

1870 4194 1997 4292 14³
