2984 5009
988 406 1311 481 LIBER
1360 404 1568 473 XVI.

2215 404 2345 481 561

216 557 473 638 putant3
501 538 685 635 quod
710 551 1086 633 coarguunt
1112 536 1263 625 fici,
1286 561 1570 632 quarum
1605 536 1858 609 radices
1875 526 1922 563 ¹⁶
1939 540 2355 635 longissimae,

216 666 281 719 et
316 663 627 719 senectus
660 646 999 741 ocyssima.
1037 643 1299 715 Falsum
1335 644 1626 714 arbitror
1649 658 1719 712 et
1753 644 1932 739 quod
1964 646 2165 742 aliqui
2201 670 2358 745 pro*-

215 755 471 843 didere‚
534 753 792 823 radices
851 751 1165 821 arborum
1232 766 1562 821 vetustate
1621 753 1851 820 minui.
1899 754 2064 823 Visa
2111 759 2358 826 etenim

214 878 313 933 cst
364 885 621 933 annosa
670 884 954 955 quercus
1014 882 1245 928 eversa
1307 859 1373 927 vi
1422 858 1831 952 tempestatis
1859 911 1879 943 ‚
1941 875 2009 929 et
2046 860 2359 957 jugerum

214 968 333 1039 soli
350 966 399 1009 ¹⁷
434 966 759 1063 amplexa.

314 1078 535 1146 LVII.
568 1070 973 1144 prostratas*
1013 1073 1267 1142 restitui
1291 1069 1684 1167 plerumque
1703 1126 1723 1158 ,
1759 1086 1828 1140 et
1849 1072 2132 1167 quadam
2163 1090 2358 1148 terrae
2399 1110 2422 1141 ι

216 1182 523 1253 cicatrice
566 1176 965 1259 vivescere²‚
1009 1177 1284 1275 vulgare
1319 1193 1437 1248 est.
1482 1181 1574 1247 Et
1615 1177 2192 1252 familiarissimum
2228 1182 2362 1253 hoc

214 1274 536 1383 platanis³
580 1313 597 1355 ε
643 1312 790 1381 quae
825 1276 1189 1380 plurimum
1234 1300 1592 1355 ventorum
1647 1286 2033 1381 concipiunt

2085 1306 2364 1426 propter

216 1395 611 1465 densitatem
646 1416 987 1464 ramorum
1028 1419 1043 1462 :
1089 1393 1330 1487 quibus
1386 1394 1783 1487 amputatis,
1843 1391 2075 1464 levatae
2159 1422 2365 1467 onere

214 1504 282 1571 in
322 1526 445 1571 sua
490 1499 724 1570 scrobe
767 1514 1203 1595 reponuntur.
1241 1501 1649 1593 Factumque
1673 1500 1814 1593 jam
1853 1516 1954 1571 est
1983 1500 2116 1572 hoc
2161 1504 2230 1572 in
2258 1504 2366 1599 ju-

216 1606 609 1703 glandibuS‚
630 1606 926 1701 oleisque
952 1659 973 1694 ,
1006 1630 1085 1675 ac
1122 1603 1347 1676 multis
1377 1605 1538 1675 aliis.
1574 1594 1862 1699 (xxxu.)
1897 1610 2016 1677 Est
2045 1611 2114 1680 in
2146 1636 2366 1681 exem-

217 1713 375 1809 plis,
402 1730 471 1785 et
512 1715 651 1783 sine
680 1726 1114 1807 tempestate,
1158 1710 1377 1782 ullave
1418 1736 1620 1782 causa
1656 1711 1784 1781 alia
1812 1738 2011 1807 quam
2045 1716 2368 1813 prodigii,

219 1820 539 1890 cecidisse
605 1818 849 1889 multas
912 1844 991 1889 ac
1060 1842 1179 1889 sua
1251 1832 1489 1913 sponte
1564 1822 2013 1889 resurrexisse.
2089 1824 2368 1894 Factum
2405 1856 2436 1889 2

218 1910 387 1997 hoc⁵
432 1924 665 2023 populi
710 1924 967 1996 romani
995 1910 1407 2015 Quiritibus⁶
1440 1939 1779 1995 ostentum
1827 1924 2178 2000 Cimbricis
2225 1930 2372 2003 bel-

302 2140 329 2176 1
342 2124 401 2175 6.
439 2122 659 2189 Quarum
688 2120 889 2173 radices.
929 2118 1252 2191 Theophra-

220 2216 361 2267 stus,
392 2200 595 2255 Hister.
624 2200 723 2253 lib.
750 2201 811 2261 1,
845 2218 963 2270 cap.
998 2214 1083 2252 ιι.
1112 2198 1180 2251 Η.

304 2301 330 2336 ι
344 2294 401 2347 7.
434 2281 511 2333 Ee
524 2282 753 2351 juger-mn
774 2281 882 2333 soli.
904 2280 1107 2333 Partim
1128 2297 1251 2332 cor-

218 2380 353 2433 pore
380 2372 437 2414 et
482 2360 643 2414 ramis
666 2398 683 2425 ,
732 2360 931 2433 partim
979 2357 1251 2414 radicibus

215 2443 471 2514 jugerum
499 2440 756 2511 amplexa.
788 2438 971 2494 Hum.

294 2520 479 2573 LVII.
525 2539 551 2574 1
566 2560 579 2574 .
607 2521 912 2573 Prostratas.
950 2520 1078 2573 Haec
1122 2531 1250 2573 sunt

218 2600 383 2654 etiam
408 2600 557 2671 apud
584 2600 869 2673 Theophr.
901 2598 1039 2653 nist.
1075 2600 1117 2654 l.
1146 2600 1249 2664 IV,

221 2700 347 2753 cap.
379 2698 471 2748 ¹9·
512 2680 697 2733 Hmn.

306 2780 360 2813 ει.
402 2760 663 2813 mmmm.
706 2759 795 2813 Sic
844 2758 1001 2813 MSS.
1033 2776 1246 2820 omnes,

218 2858 331 2894 non
366 2843 653 2893 reviviscere.
692 2838 877 2893 Ham).

304 2920 359 2974 3.
392 2922 517 2974 Ee..
534 2960 548 2975 .
570 2921 805 2992 platanis.
831 2916 1110 2989 Theophr.
1146 2918 1250 2972 loc.

218 2999 315 3055 cit.
336 3000 529 3055 Ham).

305 3088 363 3145 4.
400 3082 597 3133 &vata
632 3100 785 3133 onem.
812 3078 987 3133 MSS.
1026 3096 1244 3131 omnes:

220 3161 381 3213 levato
398 3180 555 3213 onere.
572 3160 749 3213 Atlib.
778 3160 969 3223 XVII,
996 3176 1115 3229 cap.
1144 3159 1247 3225 39:

216 3262 240 3284 ·
258 3240 569 3294 Arboribus
605 3240 884 3312 putatione
914 3238 1099 3291 levatis
1121 3254 1251 3291 one·-

216 3339 295 3375 τε.
326 3346 349 3368 ι
382 3321 571 3374 Hann-

304 3400 360 3455 5.
397 3400 607 3475 Γᾳστιιηι
632 3400 739 3452 hoc.
762 3398 869 3452 Iul.
899 3398 1211 3470 obsequens
1229 3433 1246 3456 2

220 3498 339 3552 cap.
378 3482 483 3535 103
502 3519 519 3545 ‚
536 3500 593 3551 p.
626 3479 699 3543 54
720 3491 739 3531 t
764 3506 787 3525 ι
809 3478 1054 3532 Nuceriae
1074 3478 1250 3531 ulmus

220 3572 387 3614 vento
414 3577 595 3614 evena
612 3598 627 3623 ‚
665 3577 759 3612 sua
793 3571 985 3629 sponte
1002 3570 1172 3612 erecta
1190 3558 1251 3610 in

220 3639 461 3693 radicem
486 3639 701 3693 coaluit.
720 3664 743 3687 ι
784 3638 968 3691 uun.

306 3724 363 3773 6.
408 3721 535 3791 Pop.
562 3720 626 3773 R.
658 3720 801 3789 Quir.
831 3718 1015 3789 Populi
1034 3719 1099 3771 R.
1128 3718 1251 3787 Qui-

1340 2117 1605 2171 micilium
1639 2118 1914 2174 haberent.
1941 2122 2143 2175 Auctor
2179 2124 2378 2197 virgil.

1340 2198 1435 2270 qui
1460 2197 1709 2271 Georgic.
1736 2198 1830 2252 lib.
1851 2200 1953 2267 IV,
1980 2220 2116 2255 vers.
2147 2223 2282 2271 200,
2303 2204 2372 2259 de

1337 2278 1529 2350 apibus
1554 2278 1628 2332 sic
1655 2278 1847 2332 cecinit
1873 2299 1886 2331 ε
1920 2281 2162 2335 -Verum
2193 2284 2318 2355 ipsas
2341 2303 2372 2340 e

1340 2358 1483 2411 soliis
1507 2370 1660 2411 natos
1691 2372 1744 2411 et
1773 2361 2026 2414 suavibus
2049 2362 2232 2416 herbis
2260 2364 2372 2419 Ore

1226 2468 1231 2471 -
1339 2437 1567 2509 legunt3
1604 2438 1732 2509 ipsa
1777 2458 1976 2493 ntem
2005 2480 2022 2505 ‚
2069 2461 2370 2516 parvosque

1339 2517 1617 2583 Quian-ns
1660 2518 1973 2587 Sufficiunt,
1989 2523 2267 2594 aulasque,
2313 2538 2369 2578 et
2413 2548 2418 2557 ·

1339 2616 1491 2651 cerea
1518 2616 1704 2650 numu
1729 2598 2014 2671 refingunt.
2039 2626 2062 2648 ι
2097 2602 2206 2655 Ubi
2224 2608 2373 2673 parvi

1343 2677 1562 2748 Quirites
1594 2692 1716 2731 sunt
1739 2698 1896 2751 apes,
1941 2699 2060 2752 quae
2079 2700 2256 2754 regem
2287 2688 2369 2739 sui

1338 2775 1572 2829 queque
1589 2759 1811 2812 alvearis
1829 2759 2035 2813 assidue
2051 2780 2114 2814 ac
2124 2770 2370 2834 proxime

1338 2838 1770 2911 circumcingunt
1786 2878 1803 2903 ,
1847 2852 1905 2893 ut
1944 2842 2058 2912 regi
2105 2862 2203 2895 nuo
2235 2843 2370 2900 olim

1338 2919 1481 2972 cives
1509 2920 1658 2973 urbis
1688 2920 1846 2991 regioe
1895 2920 2079 2973 Roma
2123 2926 2370 2995 proxime

1338 2995 1577 3052 ederant.
1608 2998 1744 3054 Inde
1767 3011 1845 3053 est
1875 3010 1926 3053 et
1957 3000 2192 3071 Quirinus
2212 3042 2230 3069 ‚
2271 3007 2368 3078 qui

1335 3076 1566 3149 proinde
1583 3078 1832 3132 conditor
1855 3078 2014 3149 regiae
2027 3082 2256 3136 civitatis
2269 3099 2366 3152 est,

1334 3176 1532 3227 nempe
1550 3157 1824 3211 Romulus.
1853 3160 2088 3225 Plinius,
2113 3163 2208 3214 lib.
2233 3165 2360 3228 XV,

1338 3254 1387 3289 c.
1406 3234 1477 3290 36
1503 3258 1520 3289 .·.
1549 3264 1571 3285 ι
1589 3238 1736 3290 Inter
1754 3238 2115 3309 antiquissima
2140 3240 2365 3297 delubra

1335 3316 1567 3369 babetur
1606 3315 1882 3381 Qumnu,
1904 3318 2008 3370 boc
2047 3332 2153 3381 est,
2197 3322 2364 3394 ipsius

1338 3396 1608 3449 Romuli.»
1635 3396 1729 3448 Est
1753 3397 1967 3463 Quirini
1989 3416 2182 3451 nomen
2203 3402 2364 3456 etiam

1337 3477 1397 3529 in
1411 3494 1636 3529 nummo
1652 3471 1832 3529 vetere
1850 3477 2062 3530 familiae
2075 3478 2362 3547 Memmia,

1337 3554 1481 3627 apud
1521 3556 1806 3619 Patinurn,
1845 3575 1964 3628 pag.
2014 3564 2158 3627 174,
2193 3562 2366 3632 capite

1336 3636 1555 3689 Romuli
1601 3638 1835 3689 laureato
1852 3675 1868 3701 ,
1913 3637 2068 3689 vultu
2117 3641 2269 3693 senili
2313 3654 2369 3696 et

1336 3716 1594 3783 barbato,
1623 3734 1746 3769 cum
1775 3716 1876 3769 bac
1899 3716 2192 3790 epigraphe
2224 3740 2368 3791 pone

224 3803 343 3851 riter
368 3812 492 3852 sunt
518 3818 547 3853 e
568 3798 775 3871 populo
800 3799 867 3852 R.
890 3816 1001 3850 non
1026 3798 1254 3869 quilibet
1341 3808 1502 3867 caput
1519 3814 1782 3857 Qvnmws
1799 3812 1857 3847 :e
1877 3797 2125 3867 regione,
2141 3818 2190 3853 c.
2216 3818 2373 3854 nn.

226 3874 247 3939 (
268 3898 396 3931 nam
442 3892 553 3931 toto
594 3880 725 3931 orbe
766 3896 989 3932 romano
1044 3896 1254 3949 sparsus
1342 3894 1475 3929 nnvs
1499 3896 1548 3929 c.
1573 3876 1919 3957 r3Triumvir
1944 3880 2252 3932 monetalis:
2277 3882 2370 3953 qui

226 3958 463 4029 populns
488 3960 554 4012 R.
576 3958 679 4011 fuit
698 3954 745 4020 ε)
773 3956 865 4011 sed
894 3958 931 4009 ii
955 3955 1049 4028 qui
1069 3957 1256 4027 inipsa
1343 3974 1536 4027 nempe
1579 3974 1641 4008 ex
1687 3955 1866 4027 aliqua
1909 3956 2123 4009 Romuli
2167 3960 2276 4013 filia
2319 3980 2373 4014 se

230 4039 381 4091 Urbe
420 4038 593 4109 regia,
622 4042 670 4091 ἐν
698 4044 762 4107 τῇ
788 4039 929 4109 κυρίᾳ
962 4038 1100 4091 πόλει
1116 4074 1131 4103 ,
1162 4034 1259 4087 do-
1346 4054 1514 4107 genus
1552 4036 1760 4089 trahere
1803 4036 2146 4106 gloriabatur.
2175 4040 2267 4092 Est
2295 4062 2376 4095 er·

450 4150 533 4215 V.

2010 4140 2108 4212 36
