2984 5009
998 432 1299 501 LIBER
1342 434 1552 502 XVI.
1634 460 1646 473 ·

2195 432 2330 531 547

212 564 333 632 sit:
372 576 561 631 tanta
603 561 977 633 differentia
1014 563 1099 633 ab
1136 564 1371 637 eodem
1414 562 1694 659 genere²
1737 564 1832 635 fit.
1871 567 2002 637 Sed
2047 582 2120 637 et
2157 583 2334 639 tere-

210 668 477 738 binthus
517 654 877 739 messibus³
926 670 1142 739 reddit
1192 695 1451 759 semen,
1504 686 1573 741 et
1613 695 1826 758 acer,

1777 660 1804 703 ⁴
1871 687 1938 741 et
1978 674 2331 745 fraxinus:

210 798 457 862 nuces,
502 789 570 843 et
601 760 839 859 mala⁵‚
874 790 943 845 et
976 778 1155 871 pira,
1194 792 1634 907 praeterquam
1669 777 1982 865 hiberna,
2016 795 2134 851 aut
2171 806 2336 877 prae-

208 882 431 965 occia,
464 894 809 951 autumno.
850 869 1285 953 Glandiferae⁶
1326 886 1535 955 serius
1577 886 1937 955 etiamnum
1955 938 1974 971 ‚
2017 886 2338 983 Vergilia·

210 1012 355 1055 rum
388 988 713 1057 occasu⁷z
742 988 999 1059 esculus
1033 1004 1292 1059 tantum
1323 1005 1670 1061 autumno.
1710 992 2078 1086 Incipiente
2115 1009 2336 1063 autem

210 1080 464 1164 hieme⁸
523 1094 823 1215 quaedam
866 1120 1111 1190 genera
1158 1095 1344 1184 mali,
1396 1098 1694 1192 pirique,
1751 1112 1818 1167 et
1875 1097 2094 1167 suber.
2141 1100 2342 1171 Abies

210 1198 449 1270 ssores⁹
492 1202 673 1272 croci
720 1200 943 1271 colore
988 1204 1169 1273 circa
1216 1202 1566 1273 solstitium
1583 1256 1604 1290 ,
1657 1228 1882 1274 semen
1929 1204 2146 1275 reddit
2191 1220 2345 1301 post

210 1306 657 1402 Vergiliarum
696 1332 1029 1379 occasum.
1068 1311 1270 1379 Pinus
1306 1308 1559 1379 autem¹
1567 1308 1693 1379 'et
1720 1312 1909 1405 picea
1933 1314 2346 1407 praeveniunt

211 1415 690 1507 germinatione
732 1414 1107 1509 quindecim
1148 1416 1285 1485 fere
1336 1416 1588 1486 diebus.
1637 1418 1880 1487 Semen
1919 1442 2082 1487 vero
2101 1416 2144 1443 ¹⁸
2193 1434 2345 1514 post

210 1518 535 1615 Vergilias
574 1535 642 1590 et
675 1522 834 1616 ipsae
866 1521 1175 1591 reddunt.

312 1629 567 1697 XLIV.
626 1630 901 1715 Citreae‚
948 1642 1017 1698 et
1062 1630 1407 1723 juniperus
1428 1628 1473 1717 ¹,
1509 1644 1577 1698 et
1619 1628 1784 1715 ilex,
1837 1628 2189 1701 anniferae³
2230 1630 2348 1701 ha-

211 1734 489 1818 bentur,
538 1758 884 1829 novusque
930 1734 1187 1807 fructus
1236 1736 1305 1803 in
1345 1736 1451 1805 his
1501 1761 1656 1805 cum
1711 1738 2032 1807 annotino
2081 1737 2346 1832 pendet.

211 1844 292 1911 In
334 1841 627 1910 maxima
658 1855 880 1910 tamen
922 1840 1353 1913 admiratione
1392 1843 1589 1938 pinus
1626 1856 1727 1912 est
1757 1868 1773 1911 τ
1817 1843 2021 1912 habet
2053 1843 2348 1913 fructum

212 1961 765 2017 maturescentem
794 1947 1036 2047 {habet
1062 1950 1367 2044 proximo
1398 1973 1578 2023 anno
1605 1948 1690 2017 ad
1715 1950 2162 2021 maturitatem
2195 1974 2350 2020 ven·
2381 1997 2390 2011 ·

210 2068 475 2137 turum,
503 2077 583 2124 ac
611 2053 847 2124 deinde
884 2056 1104 2124 tertio.
1132 2054 1277 2123 Nee
1305 2054 1440 2125 ulla
1466 2055 1783 2124 arborum
1821 2055 2075 2126 avidius
2103 2082 2172 2125 se
2205 2082 2349 2152 pro-

210 2162 435 2230 mittit.
463 2161 621 2249 Quo
644 2185 867 2230 mense
898 2186 1031 2229 nux
1064 2186 1145 2231 ex
1175 2185 1252 2232 ea
1273 2161 1676 2256 decerpitur,
1704 2160 1939 2230 eodem
1965 2165 2349 2233 maturescit

299 2402 349 2435 2.
384 2380 474 2434 Ab
500 2378 661 2433 eodem
684 2398 874 2449 genere.
915 2381 1088 2434 Tanta
1132 2391 1211 2433 est
1222 2420 1239 2444 ,

214 2461 392 2533 inquit
422 2499 439 2526 ,
494 2460 551 2513 in
602 2478 728 2513 sexu
781 2459 1085 2515 differentia
1112 2496 1129 2522 ‚
1186 2460 1243 2511 in

214 2540 498 2597 arboribus
536 2539 696 2592 etiam
729 2538 967 2610 ejusdem
1013 2540 1238 2611 generis.

212 2618 573 2691 Theophrast.
622 2621 841 2677 τοσαύτη
873 2615 933 2673 δὲ
964 2621 995 2677 ἡ
1030 2615 1242 2691 διαφορὰ

212 2704 325 2771 περὶ
355 2700 527 2770 ἄμφω.
551 2700 737 2753 Han.

298 2781 351 2835 3.
385 2778 489 2831 Sed
511 2792 609 2834 et..
626 2818 643 2831 .
682 2778 921 2837 messibus.
965 2778 1239 2850 Theophr-

217 2860 330 2930 περὶ
358 2863 509 2930 πυροῦ
535 2860 756 2931 dunfini,
786 2858 919 2911 circa
952 2879 1142 2921 mecm
1160 2862 1244 2911 tri·

220 2944 323 2993 eici.
346 2940 533 2993 Hum.

301 3028 358 3085 4.
393 3020 468 3072 Et
488 3039 613 3071 acer.
634 3057 647 3072 .
668 3060 683 3072 .
721 3030 966 3071 audranno.
991 3018 1115 3071 Hac
1142 3037 1243 3089 pa-

218 3100 351 3153 riter
378 3098 561 3151 omnia
575 3098 977 3170 Theophrastus
992 3138 1007 3162 ‚
1030 3098 1151 3153 loco
1172 3099 1245 3153 ci·

220 3192 349 3233 tato.
384 3178 565 3231 ffinn.

304 3258 361 3313 5.
374 3258 537 3311 Nuces
555 3270 604 3309 ee
616 3256 745 3310 mala
759 3296 775 3323 ,
794 3269 893 3311 etc.
920 3258 1116 3324 Alnus,
1134 3276 1244 3317 nux

217 3340 430 3411 juglans
455 3377 472 3400 ,
522 3350 577 3391 et
612 3336 925 3391 Achradum
968 3335 1245 3410 quoddam

220 3438 387 3491 genus
425 3430 719 3471 autumno:
750 3435 977 3491 quercus
1000 3430 1053 3471 et
1078 3429 1245 3471 casta-

222 3518 322 3553 nea
362 3498 563 3563 serius,
605 3496 749 3556 eirca
773 3496 1133 3569 Vergiliarum
1156 3516 1247 3551 oc·

222 3597 423 3633 casum.
449 3579 659 3632 Daue.

303 3664 360 3715 6.
401 3656 725 3725 Glandiseroe.
750 3656 827 3709 Ut
856 3657 1051 3722 robur,
1082 3668 1135 3709 et
1160 3675 1248 3711 ea·

223 3753 431 3797 ennea,
455 3732 571 3807 δρῦς
594 3736 799 3797 nimiae
824 3736 1058 3801 βάλανος,
1072 3736 1252 3791 Theo·

223 3818 427 3891 phrust.
461 3816 649 3870 Halm.

302 3917 359 3967 7.
397 3897 729 3967 Vergiliarum
752 3914 940 3947 οσεαειι.
964 3897 1045 3949 De
1078 3914 1187 3967 quo
1210 3895 1249 3949 l.

225 3976 417 4031 XVIII
433 4015 451 4045 ,
475 3996 595 4048 cap.
632 3974 724 4047 69.
745 3974 927 4029 Hnm.

308 4059 361 4113 8.
376 4058 639 4131 Incipiente
651 4066 807 4111 autem
820 4056 995 4121 hiem,
1012 4065 1115 4109 etc.
1131 4052 1257 4107 Aria

1328 2379 1520 2434 hiemis
1543 2378 1724 2437 initio.
1754 2378 1926 2433 Malus
1965 2381 2152 2452 primis
2181 2382 2349 2453 frigo-

1327 2459 1509 2525 ribus,
1533 2460 1708 2512 Achra
1735 2459 1968 2513 serotina
1991 2461 2186 2515 hieme.
2209 2463 2346 2516 Du..

1411 2559 1467 2610 9,.
1495 2539 1648 2593 Abies
1655 2540 1829 2609 flam
1851 2538 2204 2613 Theophmt.
2227 2541 2350 2594 loeo

1328 2620 1487 2674 citato
1503 2657 1520 2684 ,
1543 2619 1630 2673 καὶ
1658 2620 1712 2674 τὸ
1740 2618 1918 2680 stirne
1937 2621 2076 2683 ἄνθος
2103 2622 2348 2692 κρόκινον,

1330 2712 1429 2753 etc.
1454 2696 1636 2752 Hum.

1418 2797 1503 2833 10.
1549 2776 1702 2829 Pinus
1727 2790 1916 2845 autem,
1947 2792 2050 2833 etc.
2074 2780 2347 2851 Theophr-

1328 2861 1487 2915 πεύκη
1529 2853 1590 2911 δὲ
1639 2858 1723 2913 καὶ
1761 2857 1907 2919 πίτυς
1953 2865 2237 2932 προτεροῦσι
2287 2866 2350 2929 τῇ

1334 2939 1576 3006 mae-sicu
1607 2940 1770 3010 μικρὸν
1789 2975 1806 3004 ,
1835 2950 1936 2993 etc.
1969 2939 2152 2995 Ham).

1326 3068 1333 3076 .
1418 3038 1441 3073 1
1458 3038 1504 3073 ι.
1533 3018 1702 3073 Samen
1720 3036 1855 3071 vero.
1874 3019 2234 3090 Theophrast.
2247 3019 2352 3074 loo.

1330 3098 1473 3153 citat.
1507 3097 1638 3169 μιτὰ
1664 3092 1922 3160 Πλειάδα,
1953 3099 2058 3151 hoc
2083 3112 2192 3164 est,
2219 3097 2355 3169 μαι-ὰ

1331 3174 1473 3231 δὺσιν
1497 3172 1762 3239 musidae.
1792 3174 1967 3229 Ham).

1410 3257 1611 3311 XLIV.
1643 3276 1691 3311 ι.
1716 3256 1894 3311 Cin-eoe
1914 3258 2235 3327 etjunipcrus.
2255 3255 2355 3311 Co-

1332 3337 1479 3391 lustri
1493 3375 1511 3402 ,
1527 3336 1808 3407 juniperus
1845 3348 1900 3389 et
1925 3336 2032 3389 ilex
2059 3333 2356 3389 tardissime

1334 3417 1621 3489 perficiunt
1645 3415 1906 3479 fructum,
1937 3426 2039 3469 etc.
2077 3414 2354 3487 Theophr-

1336 3497 1475 3550 nist.
1507 3496 1603 3549 lib.
1635 3495 1748 3560 111,
1776 3512 1894 3567 cap.
1923 3499 1976 3551 6.
2000 3495 2205 3549 Plinius
2241 3494 2354 3547 hnc

1335 3575 1666 3649 negligenter
1696 3575 1870 3629 vertit.
1897 3578 2032 3629 Du..
2055 3604 2136 3619 -
2156 3574 2353 3629 Cimon.

1338 3658 1421 3709 De
1458 3654 1638 3709 citreis
1674 3656 1784 3726 iam
1816 3650 2358 3727 verinime'superius

1341 3736 1658 3799 affirmavit,
1682 3734 1777 3788 lib.
1806 3735 1938 3799 ΧΠ,
1956 3752 2071 3804 cap.
2097 3753 2152 3804 7.
2179 3735 2258 3787 De
2277 3735 2360 3805 ju·

1339 3818 1532 3886 nipero
1571 3826 1625 3867 et
1665 3812 1784 3867 ilice
1811 3852 1828 3879 ‚
1858 3812 2210 3884 Theophrast.
2239 3812 2361 3867 loeo

1341 3895 1518 3949 citato.
1549 3891 1731 3945 Han.

1427 3994 1477 4027 α.
1492 3970 1764 4038 Amferoe.
1780 3971 1922 4026 Toto
1938 3991 2079 4026 anno
2101 3973 2238 4027 ferre
2254 3971 2366 4024 fru-

1343 4066 1491 4107 ctum
1517 4052 1896 4109 existimantur.
1929 4051 2114 4107 Ηιιιυ.

1922 4157 2046 4229 35²
