2984 5009
939 401 1260 476 LIBER
1311 399 1471 476 xv.
1574 434 1579 439 ·
1781 359 1797 376 ⁸
2121 405 2273 498 465

174 563 349 612 manu
402 553 694 610 satarum
746 551 1299 634 receptarumque
1349 541 1417 608 in
1476 537 1758 624 domos,
1813 535 2094 614 fulmine
2136 546 2280 616 sola

174 675 287 718 non
334 631 577 718 icitur⁸.
639 643 749 714 ob
791 644 913 714 has
950 669 1188 716 causas
1228 644 1534 740 equidem
1580 645 2016 736 crediderim,
2054 650 2280 722 hono-

172 779 289 824 rem
333 756 395 824 ei
428 749 776 822 habitum⁹
818 752 887 820 in
936 749 1295 846 triumphis
1340 752 1608 846 potius„
1650 775 1852 846 quam
1891 756 2046 848 quia
2089 757 2278 827 suffi-

172 874 441 930 mentum
485 860 571 928 sit
608 856 803 928 caedis
849 855 1143 926 hostium
1185 871 1255 926 et
1294 857 1640 952 purgatio,
1691 873 1768 928 ut
1807 859 2007 930 tradit
2045 864 2278 934 Masu-

172 967 305 1036 rius.
362 965 683 1059 Adeoque
748 963 819 1032 in
877 962 1173 1056 profanis
1250 963 1479 1034 usibus
1511 1015 1534 1050 ,
1612 963 1820 1058 pollui
1883 965 2148 1038 laurum
2211 985 2282 1042 et

172 1071 361 1144 oleam
405 1071 505 1142 fas
552 1093 692 1140 non
742 1082 844 1142 est
862 1066 913 1092 ¹⁰
933 1121 955 1157 ,
996 1082 1075 1138 ut
1127 1093 1215 1138 ne
1258 1069 1695 1165 propitiandis
1745 1070 2010 1166 quidem
2065 1077 2283 1144 numi·

172 1179 338 1248 nibus
394 1175 671 1248 accendi
713 1199 795 1244 ex
857 1173 963 1244 his
1028 1172 1319 1244 altaria¹¹
1382 1199 1596 1245 araeve
1659 1163 1962 1247 debeant.
2023 1182 2284 1252 Laurus
2321 1208 2353 1261 3

170 1425 299 1476 cant,
355 1421 481 1464 utra
550 1406 712 1462 fuerit
768 1419 909 1460 terra
931 1442 949 1469 ,
1010 1421 1174 1476 quam
1256 1406 1676 1460 nunclaureatas
1689 1405 2046 1480 appellabant.
2062 1411 2214 1478 Quin
2233 1427 2288 1472 οι

170 1491 471 1546 exosculatus
488 1485 561 1544 sit
578 1489 803 1554 Brutus,
823 1467 1083 1556 Delphica
1102 1502 1173 1538 an

1257 1483 1422 1538 iidem
1456 1484 1654 1557 insigni
1693 1488 1918 1542 victoria
1953 1503 2132 1562 parta,
2168 1493 2288 1548 lau·

170 1573 343 1628 Italica.
381 1569 589 1624 Plinius
626 1565 941 1638 Delphicam
974 1561 1173 1616 intelli·
1256 1564 1415 1618 reatis
1436 1565 1664 1620 fascibus
1687 1565 2034 1636 incedebam,
2063 1573 2288 1630 nuntios

169 1651 257 1722 git:
278 1649 567 1722 Dionysius
574 1645 1001 1700 Halicarnasseus
1014 1661 1175 1714 quar-

169 1743 215 1784 to
248 1730 519 1784 volumine
541 1765 559 1793 ,
596 1725 853 1780 Italicam.
900 1747 925 1772 ι
947 1724 1175 1790 Brutus,

168 1809 351 1882 inquit,
379 1808 688 1879 intelligens
717 1803 851 1876 quid
887 1803 1049 1856 vellet
1078 1799 1175 1856 de.

168 1891 343 1944 clarare
366 1888 503 1944 deus
516 1924 535 1952 ,
572 1885 671 1940 ubi
708 1903 869 1956 quam
899 1881 1175 1936 celerrime

169 1971 385 2026 Italicam
432 1980 633 2022 terram
680 1961 949 2028 ascendit,
999 1962 1181 2033 proci·

168 2047 311 2117 deas,
348 2048 621 2103 osculatus
648 2057 729 2098 est
762 2057 955 2098 terram
972 2079 991 2108 ‚
1034 2041 1177 2096 hane

167 2148 259 2184 esse
276 2141 471 2202 putans
495 2125 741 2180 omnium
764 2123 1047 2176 hominum
1068 2137 1177 2174 ma·

170 2221 303 2263 trem.
323 2237 348 2258 ι
381 2207 550 2262 Pur.
576 2235 661 2248 -·
684 2205 841 2258 Laut.
868 2201 1040 2274 Atqui
1062 2219 1175 2256 noa

168 2289 499 2362 Delphicam,
541 2281 639 2340 sed
688 2283 879 2338 Italam
930 2283 1175 2336 tellurem

167 2370 445 2424 osculatum
479 2385 593 2420 esse
619 2365 783 2418 refert
814 2363 975 2416 Dion.
1004 2361 1177 2416 Halic.

169 2451 219 2500 A.
238 2447 417 2502 ΒΑΗ).
446 2445 553 2511 IV,
588 2464 713 2518 pag.
747 2443 879 2498 265.
911 2446 1086 2513 Atque
1116 2437 1178 2494 id

168 2529 321 2582 forsan
355 2527 577 2582 oraculo
620 2523 1001 2596 congruentius
1035 2521 1141 2574 fuit
1160 2555 1181 2586 ‚

167 2608 437 2680 imperinm
466 2603 811 2678 portendenti
838 2601 889 2656 ei
915 2603 1055 2664 viro,
1084 2601 1179 2672 qui

167 2702 369 2744 man-em
393 2687 547 2760 prior
566 2684 913 2738 oscularetur.
944 2679 1051 2734 sed
1066 2681 1178 2734 Pli-

167 2767 245 2822 nio
266 2769 452 2822 Livius
471 2761 811 2838 suffragatur,
844 2761 945 2815 lib.
960 2761 991 2814 1
1006 2799 1025 2826 ,
1054 2779 1179 2832 pag.

171 2865 249 2904 so.
278 2849 465 2902 Hsan.

236 2929 287 2982 8.
316 2927 439 2981 Sola
468 2943 569 2978 non
608 2926 771 2978 icitur.
804 2919 873 2974 Id
893 2919 1183 2974 Veteribus

168 3007 369 3078 quidem
393 3003 653 3061 creditum
682 3019 697 3056 ε
724 3015 885 3076 negat
897 2997 1183 3053 Recentio-

167 3107 277 3142 ram
308 3087 651 3158 experientia.
680 3085 749 3138 H.
776 3110 859 3122 --
884 3079 947 3134 Id
988 3079 1183 3134 falsum

168 3184 267 3222 esse
304 3167 631 3238 experientia
668 3160 1073 3217 demonstravit.
1113 3161 1183 3214 At

168 3259 359 3302 certum
402 3258 485 3300 est
514 3243 779 3300 resinous
818 3241 1033 3296 arbores
1076 3239 1184 3293 ful·

168 3327 290 3380 mini
333 3345 455 3382 esse.
487 3324 667 3378 minna
712 3320 1007 3386 obnoxias,
1044 3317 1183 3373 illud

170 3407 316 3460 etiam
336 3405 615 3478 repellere.
642 3403 843 3457 Contra
870 3419 1079 3473 aquosa
1098 3419 1181 3454 ar·

168 3483 315 3540 bores
364 3505 506 3558 saepe
552 3483 871 3538 fulminibus
922 3480 1179 3534 ieiuntur.

170 3565 323 3632 Quod
348 3565 415 3619 ad
442 3565 677 3617 electricoe
706 3562 787 3616 vis
817 3560 959 3632 leges
986 3561 1180 3614 merito

169 3646 320 3702 refu-t
344 3643 665 3702 Clxroaldo.
691 3641 861 3696 Bao‘r.

242 3745 295 3796 9.
322 3727 567 3780 Honorem
592 3727 641 3776 ei
674 3721 917 3787 habitum,
946 3731 1047 3774 etc.
1078 3721 1181 3785 Et,

169 3803 209 3858 si
226 3805 435 3877 quando
464 3806 815 3878 imperatores
850 3799 919 3854 de
950 3800 1185 3854 hostium

171 3887 395 3940 exercitu
455 3884 673 3950 deleto,
735 3895 827 3937 aut
890 3892 1189 3952 expugnata

172 3964 295 4019 urbe
320 3965 388 4020 ad
406 3978 649 4020 senatum
668 3963 977 4026 scriberent,
997 3960 1189 4016 litteris

172 4044 507 4112 cremandis,
546 4063 679 4118 quas
720 4062 867 4098 nunc
908 4041 1153 4096 victrices
1170 4077 1189 4108 ,

335 4157 415 4220 V.

1260 1662 1389 1698 cnm
1408 1644 1660 1700 laureatis
1672 1647 1868 1718 jaculis
1881 1648 2180 1716 mittebant,
2192 1671 2290 1708 na-

1259 1742 1455 1796 vesque
1474 1724 1737 1780 laureatas
1753 1766 1768 1790 ‚
1791 1740 1884 1780 aut
1903 1729 2130 1785 vittatas.
2149 1734 2290 1790 Du..

1347 1824 1436 1858 ιο.
1453 1805 1622 1858 Palem·
1649 1805 1905 1874 olemsas
1943 1827 2042 1862 non
2069 1821 2160 1864 ut.
2191 1813 2292 1866 Ca-

1260 1882 1409 1938 ,titas
1434 1883 1594 1938 etiam
1618 1886 1912 1957 requiritur
1931 1887 1990 1950 in
2016 1867 2149 1944 oio-
2175 1891 2293 1946 cul·

1261 1975 1399 2017 tura.
1438 1959 1819 2020 Constantinus
1852 1966 1950 2022 lib.
1977 1969 2060 2022 Ix
2090 1976 2292 2026 Γιωπο·

1262 2049 1404 2098 νικῶν
1422 2064 1435 2078 ·
1465 2041 1670 2098 Pallad.
1695 2043 1788 2098 lib.
1806 2047 1865 2108 1,
1890 2065 2008 2118 cap.
2023 2066 2078 2116 9.
2111 2053 2250 2104 Du..

1348 2141 1372 2176 1
1388 2140 1413 2176 1
1428 2159 1441 2174 .
1466 2123 1687 2176 ducendi
1709 2144 1770 2176 ιε
1791 2126 1864 2178 lu's
1889 2125 2090 2182 altaria.
2110 2129 2293 2184 Gemi·

1259 2221 1333 2254 no
1376 2202 1586 2273 lapsum
1633 2221 1743 2258 esse
1791 2224 1976 2260 errore
2021 2207 2128 2262 hoe
2165 2203 2292 2265 loco

1260 2280 1498 2334 Plinium
1535 2299 1806 2336 nonnemo
1845 2286 2128 2342 arbitratus
2157 2301 2238 2344 est
2270 2307 2289 2344 ε

1261 2373 1315 2416 et
1348 2359 1609 2416 sermonis
1638 2362 1812 2429 vitio,
1849 2365 1948 2436 qui
1985 2367 2186 2422 accendi
2211 2371 2292 2422 al·

1263 2445 1393 2494 caria
1422 2441 1620 2496 dixerit
1639 2461 1654 2492 ε
1681 2455 1737 2496 et
1761 2447 2060 2518 ταυτολογὶᾳ
2089 2449 2294 2520 pariter

1261 2519 1732 2592 reprehendenda,
1765 2523 1860 2594 qui
1889 2525 2070 2580 alcaniz
2097 2539 2154 2580 et
2175 2547 2292 2581 am

1264 2602 1530 2672 copularit
1543 2636 1562 2664 ,
1587 2621 1757 2673 quum
1777 2603 2014 2673 ejusdem
2032 2607 2296 2678 significa-

1264 2691 1351 2734 tus
1370 2699 1482 2735 ease
1508 2700 1612 2734 vox
1643 2694 1864 2754 utraque
1898 2683 2158 2742 videatur.
2183 2687 2292 2746 Sed

1266 2760 1391 2814 falsa
1420 2775 1656 2834 utroque
1687 2781 1752 2815 eo
1779 2764 2002 2820 nomine
2035 2766 2151 2820 hoc
2191 2769 2298 2822 cri-

1266 2841 1491 2894 minatio
1518 2854 1614 2896 est.
1655 2841 1793 2896 Nam
1821 2855 1872 2896 et
1898 2845 2052 2901 Maro
2076 2847 2190 2918 ipsa
2217 2849 2296 2902 sic

1264 2917 1552 2992 loquutus,
1581 2923 1706 2976 AEn.
1728 2920 1823 2975 ub.
1843 2921 2014 2992 vm,
2037 2944 2116 2980 vs.
2145 2927 2255 2983 285
2275 2946 2293 2982 ε

1274 3023 1298 3048 «ι
1326 3001 1552 3056 Incensa
1575 3001 1760 3056 altaria
1783 3001 2007 3058 circum.
2039 3029 2062 3052 ι
2101 3007 2173 3060 Et
2199 3027 2296 3062 va·

1268 3081 1341 3133 let
1367 3081 1457 3133 hic
1480 3081 1818 3152 potissimum
1845 3083 2020 3138 servii
2051 3086 2296 3142 animad-

1267 3160 1443 3213 versio
1469 3161 1524 3213 in
1551 3160 1684 3215 illud
1709 3159 1944 3233 ejusdem
1971 3166 2140 3231 vatis,
2176 3169 2294 3222 Ecl.

1270 3241 1445 3292 vm:
1480 3263 1505 3290 ιι
1537 3239 1814 3312 Corripuit
1843 3244 2083 3298 tremsdis
2109 3243 2296 3302 altaria

1268 3317 1526 3374 flammis:
1552 3320 1754 3374 Altaria
1775 3315 2064 3382 dicuntur,
2103 3338 2158 3378 et
2177 3345 2298 3398 quo

1270 3399 1574 3465 continent,
1617 3411 1670 3454 et
1703 3417 1825 3472 quae
1859 3403 2204 3460 eontinentur
2227 3407 2298 3462 ab

1270 3480 1383 3534 eis:
1414 3497 1562 3533 nnnc
1593 3497 1723 3533 vero
1761 3479 1880 3550 ipsa
1913 3500 2038 3553 qua
2080 3502 2300 3554 ponun-

1270 3569 1382 3612 tur.
1404 3585 1427 3606 ι
1462 3557 1550 3612 Λᾶ
1571 3557 1798 3612 alterum
1822 3579 1952 3614 vero
1974 3561 2302 3620 miminatio-

1270 3639 1356 3694 nis
1386 3651 1580 3710 caput,
1601 3637 1750 3710 quod
1775 3638 1842 3693 de
1867 3644 2166 3716 ταυτολογίᾳ
2197 3658 2300 3709 eat,

1272 3718 1405 3773 adeo
1456 3737 1568 3772 non
1619 3737 1686 3772 eo
1735 3720 1962 3774 nomine
2003 3723 2304 3797 culpandus

1273 3811 1458 3854 auctor
1495 3796 1737 3865 videtur,
1777 3811 1840 3854 ut
1870 3801 2090 3873 insignis
2126 3807 2304 3878 potius

1274 3877 1592 3934 eruditionis
1611 3880 1880 3950 specimen
1901 3899 1966 3934 eo
1999 3881 2118 3954 ipso
2144 3885 2306 3940 dode.

1274 3960 1364 4012 rit.
1389 3960 1526 4012 Nam
1555 3971 1618 4012 ut
1640 3961 1884 4030 apposite
1901 3959 2048 4016 idem
2067 3965 2308 4020 Maronis

1276 4039 1543 4110 interpres
1572 4039 1629 4092 in
1657 4037 1795 4094 illud
1836 4053 2040 4114 proetoe,
2084 4045 2198 4100 Eel.
2224 4048 2304 4098 V:

1482 4144 1512 4174 '
1944 4146 2040 4218 30
