2984 5009
1165 440 1243 506 C.
1297 439 1626 511 PLINII
1671 439 1887 507 NAT.
1936 438 2192 505 HIST.

600 567 967 663 pandatur,
1039 568 1197 641 alias
1249 571 1614 642 obnoxium
1671 573 1870 642 etlam
1935 585 2013 640 ut
2063 585 2376 665 torqueat
2437 594 2582 641 sese
2629 571 2748 639 fin-

600 674 883 769 datque:
937 676 1120 770 quod
1167 680 1235 746 in
1275 679 1514 748 subere
1556 679 1950 774 tempestive
1981 702 2250 773 quoque
2295 700 2466 748 caeso
2511 680 2750 747 evenit.

598 781 1013 852 Infinitum¹⁰
1070 785 1279 854 refert
1318 801 1384 855 et
1438 785 1687 855 lunaris
1744 786 1955 872 ratio;
2009 808 2133 854 nec
2179 786 2300 853 nisi
2351 808 2390 853 a
2441 785 2754 853 vicesima

598 890 667 957 in
710 890 1107 959 tricesimam
1146 892 1310 961 caedi
1348 891 1604 962 volunt.
1648 896 1833 961 Inter
1873 915 2108 961 omnes
2146 890 2378 961 vei-0¹¹
2407 893 2754 976 convenit,

600 994 997 1067 utilissime
978 1023 1047 1066 m
1091 1001 1268 1068 coitu
1312 1000 1454 1093 ejus
1492 1000 1729 1083 sterni,
1768 1023 1968 1093 quem
2012 997 2190 1068 diem
2229 996 2338 1067 alii
2375 1000 2753 1081 interlunii,

530 1117 562 1169 3
598 1102 708 1171 alii
752 1102 1003 1173 silentis
1048 1103 1221 1174 lunae
1258 1105 1619 1201 appellant.
1658 1107 1767 1175 Sic
1794 1120 1976 1174 certe
2007 1105 2314 1175 Tiberius
2340 1107 2570 1175 Caesar
2598 1129 2756 1175 con·

598 1225 894 1280 cremato
926 1226 1131 1306 ponte
1162 1211 1730 1282 naumachiario¹²
1747 1267 1767 1300 ‚
1807 1196 2106 1281 larices¹³
2149 1211 2234 1281 ad
2270 1213 2752 1282 restituendum

601 1317 819 1387 coedi
800 1342 869 1386 1n
913 1318 1175 1387 Rhaetia
1208 1319 1582 1417 praefinivit.
1629 1318 1924 1409 Quidam
1965 1306 2258 1389 dicunt¹⁴
2269 1372 2290 1406 ,
2331 1332 2407 1389 ut
2446 1320 2519 1387 in
2573 1319 2754 1389 coitu

598 1438 665 1493 et
701 1425 826 1493 sub
872 1439 1048 1493 terra
1082 1427 1169 1495 sit
1196 1425 1405 1495 luna·
1452 1426 1634 1521 quod
1677 1426 1820 1495 fieri
1859 1451 1998 1494 non
2042 1439 2264 1521 potest
2301 1424 2461 1494 nisi¹
2469 1410 2752 1495 ⁵.noctu

602 1535 684 1599 At
724 1533 777 1601 si
822 1546 1207 1626 competant
1244 1536 1457 1602 coitus
1502 1535 1570 1601 in
1615 1533 2080 1678 novissimum¹
2095 1532 2270 1601 diem
2305 1531 2602 1621 brumae,
2650 1529 2755 1601 illa

550 1636 718 1733 'sit'
723 1623 1031 1707 ⁶aeterna
1070 1642 1424 1709 materies:
1465 1642 1813 1735 proxime,
1855 1637 2050 1709 cum¹
2057 1637 2316 1733 ⁷supra
2351 1638 2548 1709 dictis
2585 1639 2754 1709 side-

599 1744 799 1813 ribus.
833 1745 1126 1834 Quidam
1156 1761 1223 1815 et
1252 1748 1454 1816 Canis
1484 1761 1707 1816 ortum
1745 1745 2033 1832 addunt,
2075 1761 2144 1816 et
2183 1746 2277 1815 sic
2313 1770 2517 1817 caesas
2545 1761 2752 1815 mate-

598 1852 726 1920 ries
769 1853 837 1919 in
877 1852 1100 1921 forum
1154 1856 1527 1948 Augustum
1551 1840 1622 1919 ¹⁸.
1703 1852 1847 1922 Nec
1891 1851 2170 1922 novellae
2216 1864 2440 1922 autem
2487 1853 2572 1923 ad
2619 1877 2750 1922 ma-

598 1960 829 2028 teriem
855 2013 875 2046 ,
917 1985 1041 2028 nec
1089 1974 1346 2029 veteres
1395 1958 1776 2029 utilissimae.
1815 1961 2262 2030 Circumcisas
2278 1958 2326 1998 ¹⁹
2368 1985 2644 2056 quoque
2675 1958 2752 2029 acl

600 433 741 504 602

688 2186 771 2222 10.
801 2167 1051 2238 Infinitum
1075 2205 1092 2234 ,
1126 2182 1226 2222 etc.
1267 2170 1394 2222 Haec
1420 2188 1633 2246 turgum

598 2248 954 2319 Theophrast.
988 2248 1125 2302 nist.
1174 2249 1268 2302 lib.
1309 2250 1381 2315 V,
1409 2268 1527 2321 cap.
1569 2268 1592 2303 1
1617 2290 1633 2315 ‚

1811 2190 1834 2225 1
1849 2176 1901 2233 4.
1947 2170 2161 2239 Quidam
2201 2170 2390 2223 dicunt.
2433 2170 2528 2224 Sic
2577 2184 2754 2226 auctor

1724 2250 1973 2321 Geopon.
2006 2250 2109 2302 loc.
2140 2250 2230 2303 cit.
2260 2250 2445 2304 Hann.

598 2338 653 2381 et
672 2328 998 2395 Columella,
1018 2329 1113 2381 lib.
1136 2330 1249 2395 XI,
1270 2348 1385 2401 cap.
1428 2348 1451 2382 1
1474 2370 1487 2395 ,
1509 2348 1632 2401 pag.

604 2406 747 2479 370:
776 2434 797 2456 ι
818 2409 1089 2474 Quoniam
1109 2447 1125 2471 ,
1149 2408 1324 2481 inquit
1344 2409 1630 2463 Columell.

601 2488 777 2541 omnis
813 2489 1030 2542 materia
1081 2489 1157 2543 sic
1206 2509 1333 2543 caesa
1360 2489 1636 2561 judicatur

600 2569 740 2621 carie
765 2587 876 2621 non
908 2570 1164 2621 infestari.
1190 2595 1211 2616 ι
1248 2572 1431 2623 Ham).

692 2668 711 2701 ι
732 2666 780 2701 1.
804 2650 941 2702 Inter
964 2669 1123 2701 omnes
1144 2668 1281 2701 vero.
1311 2652 1391 2702 De
1417 2651 1524 2703 hoc
1551 2670 1636 2704 ar-

602 2743 855 2798 gumento
870 2730 1033 2782 multa
1054 2730 1095 2783 F
1098 2731 1345 2783 urnerius
1358 2770 1372 2794 ,
1388 2730 1635 2802 Hydrog.

604 2808 703 2862 lib.
737 2810 792 2873 1,
825 2830 941 2881 cap.
977 2810 1045 2862 23
1066 2848 1081 2874 ,
1126 2828 1244 2881 pag.
1274 2810 1367 2880 37.
1399 2809 1544 2863 Vide
1585 2824 1638 2864 et

604 2902 873 2943 auctorem
903 2888 1083 2960 Geop.
1120 2890 1216 2944 lib.
1246 2891 1303 2954 Ι,
1334 2908 1452 2960 cap.
1499 2908 1522 2943 ι
1541 2928 1558 2954 ,
1583 2910 1634 2962 p.

609 2968 703 3021 83.
732 2966 913 3021 ΗΑιιυ.

693 3066 781 3101 12.
809 3048 969 3100 Ponte
1000 3049 1381 3103 naumachiario.
1422 3050 1456 3103 J
1460 3062 1636 3103 unctae

605 3127 756 3180 sucre
790 3128 970 3199 plures
1010 3142 1176 3200 ponte
1202 3147 1398 3182 naves:
1436 3148 1499 3183 ex
1529 3150 1638 3203 quo

604 3221 771 3279 ponte
797 3210 1181 3262 naumachiarii
1212 3210 1353 3262 inter
1393 3228 1447 3263 se
1485 3209 1638 3264 dissi-

604 3287 819 3341 debant.
858 3288 918 3341 P.
940 3291 1163 3343 Victore
1203 3302 1365 3355 teste,
1408 3290 1639 3343 Nauma-

604 3368 739 3423 chia
778 3369 1020 3442 quinque
1060 3373 1243 3423 Romae
1278 3372 1455 3433 fuere,
1501 3370 1638 3422 xlv

605 3448 772 3501 Urbis
800 3450 1045 3520 regione,
1076 3451 1129 3503 iu
1157 3451 1371 3504 Circum
1401 3450 1638 3515 effossae,

606 3546 714 3599 quo
741 3529 955 3590 Tiberis
972 3550 1105 3600 aqua
1134 3531 1548 3593 immittebatur,
1581 3543 1640 3583 ut

606 3608 681 3660 ibi
710 3608 913 3662 navalis
938 3629 1131 3682 pugnae
1158 3612 1429 3682 specimen
1458 3609 1641 3663 edere·

608 3701 715 3742 tur.
744 3689 927 3741 Ham).

692 3766 782 3820 13.
808 3770 1021 3823 Larices.
1041 3809 1054 3821 .
1074 3809 1089 3824 .
1111 3770 1252 3824 caedae'.
1278 3770 1500 3823 Causam
1522 3770 1640 3823 Pal-

605 3846 1098 3913 ladiusedocet,lib.
1112 3851 1165 3902 11
1180 3852 1230 3903 in
1247 3851 1543 3903 Novembr.
1555 3852 1639 3905 tit.

614 3928 685 3982 15
720 3966 735 3990 ,
784 3948 905 4000 pag.
956 3930 1059 3999 173
1096 3970 1112 3993 ,
1164 3931 1418 4003 quoniam
1462 3950 1640 4002 neque

608 4008 877 4062 flammam
907 4010 1208 4082 recipiunt,
1237 4028 1336 4073 nec
1378 4011 1638 4063 carbones

609 4102 819 4155 creant,
842 4102 900 4142 ut
930 4088 1131 4143 dictum
1164 4102 1243 4143 est
1274 4108 1390 4161 cap.
1444 4108 1536 4160 19.
1564 4090 1633 4143 Η.

1810 2347 1833 2382 1
1846 2336 1895 2384 5.
1934 2330 2087 2399 Quod
2098 2328 2222 2399 fiee-3⁸
2240 2350 2336 2382 non
2359 2342 2528 2402 potest
2557 2334 2657 2383 nisi
2678 2350 2755 2383 no·

1722 2423 1823 2463 cm.
1845 2410 1982 2463 Nam
2001 2410 2128 2463 solis
2151 2408 2300 2463 sidus
2315 2450 2331 2477 ,
2354 2430 2478 2465 cum
2501 2430 2616 2483 quo
2637 2412 2753 2464 lum

1724 2490 1831 2543 coit
1850 2532 1864 2552 ,
1895 2508 2006 2542 non
2032 2490 2135 2542 nisi
2161 2502 2326 2543 noctu
2352 2492 2455 2544 sub
2491 2503 2638 2545 terra
2663 2502 2751 2545 est.

1724 2572 1925 2624 Dutc-

1817 2654 1906 2705 16.
1929 2648 2024 2702 Sit.
2055 2649 2236 2703 Dalcc.
2251 2649 2338 2719 fit.
2369 2652 2477 2703 En.

1813 2750 1836 2785 1
1850 2750 1904 2801 7.
1925 2730 2180 2790 Pro-time,
2196 2729 2418 2784 cum.Ad
2441 2731 2751 2793 bonitatem,

1727 2810 2222 2883 perennitatemque
2249 2812 2484 2864 materia
2507 2814 2624 2884 ejus
2643 2828 2752 2883 qun

1728 2905 1841 2944 tum
1870 2888 2096 2943 caeditur
2113 2929 2128 2954 ,
2153 2908 2318 2961 quum
2368 2892 2548 2944 coitus
2575 2888 2754 2943 incidit

1725 2971 1781 3024 in
1811 2972 1987 3042 ipsum
2018 2971 2222 3025 brumoe
2255 2970 2399 3023 diem
2420 3011 2437 3038 ,
2465 2970 2676 3025 accedit
2703 2986 2752 3023 a

1723 3052 2001 3122 proxime,
2027 3052 2179 3121 cujus
2221 3070 2422 3105 casura
2471 3050 2566 3116 fit,
2597 3068 2748 3123 quum

1726 3128 1869 3185 idem
1899 3130 2068 3183 coitus
2093 3131 2151 3183 in
2179 3149 2423 3184 occasum
2465 3131 2660 3184 incidit
2684 3148 2753 3184 sn·

1725 3230 1823 3282 pra
1860 3210 2127 3265 dictorum
2161 3209 2396 3264 siderum
2417 3250 2435 3277 ,
2469 3210 2747 3273 Fidicula,

1725 3304 1780 3344 et
1809 3290 2041 3343 Arcturi.
2070 3291 2258 3343 flauo.

1815 3390 1838 3424 1
1851 3375 1904 3427 8.
1925 3371 1986 3422 In
2001 3372 2172 3436 jin-um
2187 3372 2485 3439 Augustum.
2509 3372 2592 3423 Ita
2607 3370 2752 3424 MSS.

1727 3470 1913 3503 omnes
1939 3468 1952 3501 ε
1975 3450 2080 3501 hoc
2102 3462 2210 3515 est,
2230 3449 2298 3503 ad
2325 3452 2506 3503 sorum
2539 3448 2748 3521 Augusti

1726 3528 2163 3583 exaedificandum
2177 3570 2192 3594 ‚
2209 3529 2356 3602 quod
2378 3531 2433 3583 in
2449 3542 2640 3584 octava
2665 3530 2750 3583 Ur·

1728 3612 1810 3664 bis
1835 3612 2053 3681 regione
2085 3610 2215 3676 fuit,
2239 3622 2300 3663 ut
2329 3610 2389 3664 P.
2424 3610 2622 3663 Victor
2641 3628 2752 3681 pro·

1726 3688 1882 3745 didit.
1911 3690 2093 3743 Hmn.
2193 3710 2200 3717 ·

1815 3790 1900 3839 19.
1927 3770 2265 3823 Circumcisus.
2285 3768 2460 3821 Habet
2476 3768 2747 3823 Vitruvius

1726 3848 1946 3916 eadem,
1991 3850 2086 3902 lib.
2129 3851 2209 3913 11,
2241 3866 2358 3920 cup.
2403 3866 2471 3917 9,
2509 3868 2632 3921 pag.
2663 3846 2745 3899 33.

1727 3929 1996 3983 Palladius
2021 3948 2242 4002 quoque
2269 3929 2372 3981 loc.
2401 3929 2492 3982 cit.
2521 3950 2578 4002 p.
2613 3944 2742 3998 ¹7¹³

1728 4010 2010 4063 -uateries
2025 4050 2040 4077 ,
2065 4010 2273 4082 inquit,
2297 4006 2366 4061 ad
2385 4008 2638 4063 fabricam
2659 4024 2746 4060 ez·

1727 4088 1900 4145 denda
1929 4102 2032 4157 est,
2065 4108 2234 4161 quum
2281 4089 2412 4143 luna
2459 4087 2706 4145 decrescit
2725 4102 2744 4137 τ
