2984 5009
615 454 706 527 28

1163 464 1608 538 C.PLIN11
1658 468 1877 536 NAT.
1930 469 2187 536 HIST.

611 590 773 661 folio
837 590 1041 681 lauri,
1096 594 1302 665 odore
1358 622 1567 692 equos
1622 599 1977 685 invitante,
2030 599 2143 693 qui
2194 620 2382 692 paene
2450 598 2751 691 equitatu

613 686 916 769 oibavit⁴
959 698 1401 773 Alexandrum
1455 707 1671 798 primo
1730 706 2007 773 introitu
2052 732 2068 773 :

2129 704 2309 798 quod
2360 717 2429 772 et
2486 706 2557 771 in
2602 706 2749 774 Ge-

611 804 823 883 drosis
893 807 1147 877 accidit.
1225 812 1396 879 Item
1473 810 1735 879 laurino
1802 797 2005 880 folio⁵
2060 826 2127 879 et
2193 811 2288 879 ibi
2344 812 2533 924 spina
2612 824 2747 878 tra-

610 909 748 985 dita
785 925 914 995 est,
959 914 1146 1005 cujus
1187 912 1404 1010 liquor
1439 942 1745 1011 aspersus
1782 916 2035 1000 oculis,
2076 915 2435 986 coecitatem
2473 916 2752 985 inferret

609 1018 918 1087 omnibus
955 1019 1364 1093 animalibus.
1421 1026 1703 1092 Necnon
1752 1039 1817 1093 et
1858 1008 2103 1092 herba⁶
2158 1025 2477 1118 praecipui
2522 1022 2749 1091 odoris

607 1199 848 1268 ἣπὸζῦγια
875 1198 958 1253 καὶ
987 1202 1140 1252 ὁτιοῦν
1184 1200 1224 1253 εἰ
1265 1202 1428 1271 φάγοι,
1461 1222 1627 1271 μικρον

611 1284 885 1349 δτι-ἴσχοντα.
919 1278 1238 1349 &amostra-ro,
1271 1282 1631 1351 παραπλησίως

610 1358 934 1432 διατιθέμενοι.
959 1360 1045 1413 καὶ
1071 1362 1312 1423 σπώμινα
1333 1362 1509 1431 ὁμοίως
1530 1364 1630 1422 τοῖς

613 1440 918 1501 Κπιλήπτοις.
953 1441 1124 1510 Hujus
1164 1438 1356 1510 plantae
1391 1440 1635 1492 meminit

611 1540 828 1593 quoque
858 1520 1068 1583 Strabo,
1095 1518 1186 1570 lib.
1215 1518 1363 1571 XV:
1395 1526 1464 1571 Ην
1489 1515 1551 1570 δι’
1585 1542 1631 1573 τι

612 1602 771 1671 ὅμὸιον
805 1608 870 1671 τῇ
897 1596 1060 1669 δάφνῃ
1089 1618 1247 1667 φυτον,
1278 1590 1328 1650 οὗ
1366 1601 1421 1649 τὸ
1445 1600 1629 1669 γευσά-

613 1699 753 1733 ιιενον
795 1688 892 1731 τῶν
921 1678 1186 1745 ὑποζυγίων
1213 1678 1485 1732 ἀπέθνησκε
1517 1688 1630 1748 μετ’

611 1760 869 1825 επιλπψίας
895 1758 978 1811 καὶ
1007 1760 1172 1827 ἀφροῦ.
1201 1758 1280 1809 De
1305 1758 1408 1808 hoc
1437 1758 1629 1811 frutice

608 1840 747 1893 nihil
773 1839 905 1891 certi
927 1836 1422 1909 comperimus.Eo.
1445 1868 1523 1878 —-
1550 1838 1629 1889 Ne

607 1918 664 1972 id
691 1920 955 1989 intelligas
980 1916 1046 1970 de
1073 1917 1327 1987 raphano,
1349 1916 1392 1966 le
1415 1918 1593 1980 raison
1606 1936 1629 1978 ,-

607 1997 702 2052 sed
724 1995 792 2050 de
816 1998 1070 2059 brassica,
1111 1996 1154 2046 le
1181 1996 1300 2047 chon
1321 2015 1339 2049 .·
1366 2012 1483 2067 quae
1516 1997 1629 2065 ple-

608 2096 836 2153 rumque
883 2077 1071 2129 misere
1109 2072 1357 2128 confudit
1403 2076 1627 2127 Plinius.

605 2155 778 2210 Bao-r.
804 2190 887 2200 -—
906 2156 1030 2209 Vid.
1062 2153 1206 2227 quod
1234 2172 1394 2225 supra
1422 2153 1631 2207 dictum

603 2250 699 2290 est.
735 2236 837 2289 En.

689 2322 745 2379 ά.
784 2318 1024 2389 Eqm‘tatu
1054 2314 1256 2367 orbavit.
1299 2312 1461 2379 Quod
1491 2333 1628 2384 prm-

608 2397 765 2449 sentis
788 2416 942 2449 noxae
961 2412 1219 2447 venenum
1245 2390 1300 2445 id
1319 2393 1454 2445 foret
1480 2412 1493 2442 :
1521 2399 1629 2445 τοῦ·

608 2496 664 2529 το
679 2473 736 2530 δὲ
751 2476 795 2531 εἴ
813 2498 884 2537 τις
911 2482 1073 2545 φάγοι,
1085 2472 1627 2528 ἶναποθνῆσκει.’1“1]εο·

605 2556 810 2627 phrast.
831 2556 961 2607 ibid.
981 2554 1156 2604 Hmn.

691 2639 742 2688 5.
778 2634 1141 2698 Laurinosolio.
1163 2632 1228 2683 In
1249 2630 1623 2702 antiquissimis

603 2712 757 2767 MSS.
789 2728 840 2767 et
861 2714 1094 2787 probatae
1119 2710 1266 2773 fidei,
1301 2712 1427 2780 Reg.
1470 2730 1491 2763 1
1508 2742 1521 2767 ,
1558 2728 1622 2777 ²3

603 2794 768 2847 Paris.
795 2806 897 2846 etc.
922 2797 1028 2843 item
1049 2792 1173 2842 lar-io
1191 2792 1339 2857 solio.
1366 2790 1423 2842 Si
1449 2790 1625 2843 Theo-

602 2872 875 2943 phrastum
905 2870 1169 2929 audimus,
1201 2874 1310 2922 item
1338 2870 1622 2937 nullo—solio

603 2946 946 3005 scribendum
975 2951 1099 3003 fuit:
1119 2950 1348 3003 sicenim
1375 2949 1463 3002 ille
1482 2951 1619 3003 Hist.

602 3032 773 3084 Plant.
810 3032 912 3095 IV,
947 3032 976 3083 5
1019 3048 1030 3081 t
1063 3020 1242 3100 ἑτέραν
1277 3028 1359 3081 καὶ
1403 3030 1617 3082 ἄκανθάν

603 3130 718 3164 τινα
765 3107 903 3166 εἶναι·
941 3112 1123 3165 rati-mv
1154 3113 1321 3176 φύλλον
1361 3110 1445 3179 μὲν
1481 3108 1618 3163 οὐδὲν

601 3192 748 3259 ἔχειν·
779 3192 1038 3263 πεφυκέναι
1064 3185 1122 3242 δὲ
1169 3192 1224 3241 ἐκ
1251 3192 1369 3258 μιᾶς
1409 3190 1617 3258 ‘pit-nem.

602 3272 717 3323 ὄτι-ὀν
762 3274 910 3340 ἐκρεῖν
950 3270 1126 3332 πολὺν,
1152 3269 1201 3327 ὃς
1245 3268 1514 3338 ἀποτυφλοῖ
1554 3268 1620 3321 τὰ

601 3350 728 3402 ἄλλα
758 3352 861 3411 ζῶα.
887 3349 1071 3401 πάντα..
1106 3348 1309 3400 ιΑΙίαῐιι
1337 3360 1511 3401 autem
1537 3368 1613 3401 es·

598 3449 654 3483 se
681 3431 918 3500 spinam,
945 3428 1071 3479 folio
1103 3427 1271 3489 nullm
1296 3426 1473 3479 radice
1504 3429 1610 3480 sin-

597 3510 824 3580 gulari...
860 3526 1068 3560 succum
1109 3526 1172 3559 ex
1201 3525 1258 3560 ea
1281 3508 1507 3559 multum
1534 3510 1610 3560 ef·

597 3590 794 3665 fluere,
831 3589 925 3661 qui
951 3588 1231 3640 caecitatem
1261 3587 1476 3658 reliquis
1502 3588 1610 3640 ani·

597 3670 823 3721 malibus
857 3669 1074 3731 inferat,
1117 3680 1214 3719 etc.
1245 3692 1266 3714 ι
1313 3667 1495 3719 Η-ιιιυ.
1530 3700 1610 3710 --

595 3748 745 3802 Hanc
773 3748 931 3817 paulo
954 3747 1102 3799 aliter
1133 3745 1382 3799 describit
1403 3746 1610 3813 Strabo,

596 3828 698 3881 loc.
729 3846 843 3897 sup.
877 3826 1021 3878 laud.
1047 3818 1243 3879 Ᾰιισνθοι
1270 3822 1330 3879 δὲ
1355 3828 1466 3887 τοὺς
1488 3847 1608 3899 καιρ-

594 3910 716 3969 ποὺς
746 3906 827 3960 ἐπὶ
859 3910 944 3965 τῆς
977 3912 1067 3975 γῆς
1096 3907 1370 3975 ἐστρωμένη
1403 3899 1495 3972 (al.
1526 3927 1607 3959 κε·

593 3976 840 4059 χυαένη),
867 3987 1088 4054 καθάπερ
1129 3986 1168 4035 οἱ
1206 3986 1388 4049 einum,
1421 3987 1604 4057 πλπρης

524 4134 528 4137 ἢ
589 4064 646 4125 ἦν
669 4071 805 4121 ὀποῦ·
819 4085 986 4118 τουτου
1000 4060 1057 4116 δι
1075 4058 1266 4135 ῥανίδες
1291 4066 1336 4125 ὃς
1361 4064 1601 4137 ὀφθαλμὸν

1718 1203 2054 1271 ἐμπεσοῦσαι,
2116 1205 2216 1255 πᾶν
2266 1202 2567 1272 ἀπιτὺφλουν
2604 1203 2745 1263 ζῶον.

1717 1280 1970 1335 Fructum
1997 1282 2190 1334 humi‘
2168 1299 2373 1352 jacere,
2403 1294 2455 1334 et
2469 1282 2747 1335 cucumeri

1717 1361 1940 1415 similem
1965 1381 2097 1425 esse,
2116 1374 2252 1415 tacet
2270 1361 2624 1431 Theophrast.
2644 1360 2746 1415 Hic
2800 1381 2809 1387 ·

1718 1459 1847 1493 vero
1882 1428 2019 1494 duas
2064 1442 2274 1511 plantas
2312 1439 2612 1493 confudisse
2639 1441 2747 1493 Pli-

1718 1520 1870 1573 nium
1898 1535 2041 1573 recte
2071 1520 2300 1573 Bodaeus
2334 1519 2743 1585 animadvertit3

1716 1618 1876 1652 unam
1896 1600 2022 1653 folio
2038 1582 2195 1665 lauri,
2217 1618 2375 1671 quam
2395 1599 2745 1671 epilepticum

1718 1680 1967 1732 morbum
2004 1680 2174 1733 facere
2214 1678 2380 1733 tradit
2421 1679 2739 1749 Theophra·

1715 1772 1861 1823 stus;
1906 1774 1959 1812 et
2005 1760 2210 1830 spinam
2258 1758 2373 1812 sine
2422 1759 2593 1821 foliis,
2642 1778 2741 1811 cu-

1712 1838 1798 1908 jus
1827 1856 1889 1889 ex
1932 1838 2086 1891 nodis
2125 1839 2402 1903 aculeatis,
2440 1838 2619 1893 fractis
2647 1840 2744 1891 tri-

1717 1916 1921 1988 tisque,
1970 1918 2165 1971 lacteus
2194 1931 2404 1972 emanat
2436 1918 2619 1989 liquor
2644 1921 2743 1989 qui

1717 1998 2003 2051 caecitatem
2044 1998 2221 2050 infert.
2274 1998 2380 2050 En.
2422 2027 2505 2036 ——
2540 1998 2744 2049 Emen-

1720 2076 1871 2145 tlari,
1926 2079 2059 2129 nullo
2098 2078 2228 2144 solio
2249 2116 2264 2141 ,
2322 2076 2473 2147 jubet
2518 2095 2745 2148 quoque

1716 2156 2025 2217 Broterius‚
2051 2175 2149 2210 nec
2178 2170 2353 2209 tamen
2396 2156 2451 2207 in
2486 2169 2743 2209 contextu

1717 2234 2141 2288 emendationem
2168 2236 2409 2306 recipere
2426 2233 2614 2301 audet;
2636 2254 2743 2291 nec

1714 2321 1813 2365 nos
1834 2316 1889 2366 in
1907 2316 2003 2368 hac
2030 2333 2210 2368 rerum
2237 2316 2583 2378 obscuritate,
2604 2316 2743 2368 tanti

1712 2412 1824 2445 esse
1866 2392 2132 2448 credimus
2180 2414 2208 2447 a
2258 2395 2469 2465 vulgata
2508 2394 2742 2447 lectione

1712 2471 2000 2526 discedere.
2012 2475 2137 2526 Mox
2156 2493 2257 2545 pro
2271 2476 2483 2541 insert-ee,
2496 2492 2557 2527 ex
2572 2472 2739 2527 codd.

1710 2552 1839 2623 Reg.
1859 2566 1911 2606 et
1928 2553 2057 2607 edit.
2085 2554 2345 2625 principe,
2374 2552 2735 2621 inswt,Chiffl.

1707 2646 2038 2704 repugnante
2056 2634 2325 2686 Broterius
2343 2633 2530 2687 edidit.
2542 2632 2739 2685 En.—

1715 2712 1865 2781 Cujus
1888 2714 2061 2785 liquor.
2092 2714 2339 2778 Lacteus,
2374 2733 2403 2766 e
2426 2712 2585 2765 nodis
2603 2731 2736 2766 acu·-

1707 2790 1887 2859 leatis,
1944 2793 2121 2846 fractis
2163 2792 2363 2846 tritisve
2420 2810 2732 2863 expressus:

1708 2872 1954 2944 Theoph.
1992 2872 2144 2925 Idem
2192 2873 2351 2927 refert
2397 2873 2586 2925 Strabo
2632 2872 2729 2926 lib.

1708 2950 1843 3017 XV3
1869 2952 1962 3006 sed
2002 2953 2201 3023 spinae,
2237 2954 2388 3023 cujus
2424 2954 2603 3023 liquor
2633 2971 2731 3005 ex-

1707 3046 1894 3100 caecat,
1942 3032 2172 3085 fructum
2226 3032 2377 3083 humi
2418 3034 2623 3102 jacere,
2672 3045 2731 3085 et
2778 3040 2801 3052 ’

1705 3112 1973 3164 cucumeri
1989 3111 2213 3164 similem
2236 3130 2345 3163 esse
2366 3110 2527 3165 tradit
2540 3150 2556 3177 ,
2572 3110 2728 3185 quod

1706 3203 1841 3244 tacet
1859 3192 2273 3262 Theophrastus.
2302 3192 2506 3243 Daue.

1790 3274 1842 3325 6.
1868 3272 2069 3323 Necnon
2107 3283 2156 3321 et
2182 3270 2324 3321 herba
2345 3273 2583 3341 proece‘pui
2604 3270 2727 3323 odo·

1700 3355 1799 3413 ris,
1829 3362 1927 3403 etc.
1961 3351 2025 3403 In
2054 3350 2330 3403 maritimis
2356 3368 2526 3403 arenae
2550 3363 2729 3403 tumu-

1698 3432 1763 3483 lis
1788 3429 2061 3483 Gedrosiae
2082 3448 2313 3483 nascens.
2348 3430 2552 3482 Strabo.
2584 3432 2723 3485 Du..

1699 3542 1777 3552 -·
1818 3510 1988 3561 Herba
2024 3513 2259 3581 praecipui
2302 3510 2461 3561 odore's
2517 3512 2720 3577 referta,

1697 3603 1797 3643 etc.
1814 3590 2246 3662 Theophrastus,
2268 3589 2363 3642 lib.
2382 3591 2479 3647 lv,
2508 3608 2625 3661 cap.
2645 3589 2720 3642 5.

1696 3659 1758 3722 ὲν
1779 3666 1837 3721 δὲ
1863 3672 2026 3730 τόποις
2050 3690 2147 3723 τισι
2169 3670 2432 3738 πιφυκίναι
2446 3669 2557 3721 τινὰ
2576 3666 2728 3721 Gord-

1696 3768 1777 3804 νην
1799 3752 1871 3818 ἐφ
1898 3740 1931 3814 ᾖ
1962 3752 2426 3817 συνεσπειραμένους
2450 3740 2577 3819 (leg.
2598 3749 2725 3803 Sca·

1694 3828 1785 3898 lig.
1810 3824 2503 3899 συσπιιρομίνους)ὅφιιςεἶναι
2524 3849 2723 3900 μικοους

1695 3904 1887 3977 σφόδρα
1907 3929 1921 3943 ·
1956 3910 2141 3969 τούτοις
2165 3904 2222 3961 di
2250 3910 2293 3962 εἴ
2324 3928 2395 3969 τις
2417 3906 2573 3979 ἐμῧὰς
2598 3918 2727 3966 πλη-

1692 3988 1825 4057 γιὶη,
1875 3987 2112 4045 θνήσκειν.
2164 3988 2363 4041 Harum
2412 4001 2719 4059 serpentum

1692 4067 1820 4120 item
1838 4068 2079 4120 meminit
2096 4068 2286 4122 Strabo
2301 4106 2319 4135 ‚
2337 4068 2453 4120 loco
2473 4068 2717 4139 proxime
