2984 5009
997 431 1301 500 LIBER
1352 435 1515 500 XV.

2165 429 2311 516 [40:³5

208 551 443 659 quibus⁵
473 579 757 633 cotoneo
786 564 980 634 insito
1008 566 1095 634 ab
1118 567 1337 660 Appio
1372 589 1409 634 a
1444 563 1720 634 Claudia
1745 581 1979 660 gente,
2008 569 2308 660 Appiana

208 686 342 740 sunt
374 672 856 800 cognominata.
900 670 1091 740 Odor
1132 687 1233 740 est
1270 671 1375 740 his
1404 686 1884 753 cotoneorum,
1917 673 2309 765 magnitudo

87 815 90 852 e
206 802 333 871 quae
374 761 830 858 Scaudianis,
872 776 1058 846 color
1093 779 1353 848 rubens.
1386 779 1485 846 Ac
1523 801 1610 846 ne
1642 780 1788 873 quis
1819 777 1888 846 id
1915 777 2168 847 ambitu
2205 803 2310 848 va·
2378 773 2385 780 ’

87 951 89 960 ,
206 882 379 952 luisse
417 881 735 954 claritatis
782 897 849 953 et
896 883 1199 954 familiae⁷
1244 898 1467 978 putet,
1511 899 1665 953 sunt
1711 899 1778 954 et
1827 885 2176 978 Sceptiana
2223 886 2308 954 ab

87 989 90 1046 ἑ
204 991 523 1059 inventore
548 989 939 1076 libertino,'
923 991 1201 1110 insignia
1235 991 1653 1060 rotunditate.
1681 993 1851 1060 Cato
1892 990 2115 1083 adjicit
2141 993 2306 1078 Qui·

202 1082 398 1164 riana⁸
403 1111 533 1184 ,et
556 1121 705 1190 quae
740 1094 996 1166 tradit
978 1123 1047 1166 1n
1082 1095 1270 1166 doliis
1296 1096 1528 1182 condi,
1555 1096 1956 1166 Scantiana?
1984 1099 2307 1166 Omnium

206 1217 397 1272 autem
431 1204 813 1332 nuperrime
839 1201 1157 1298 adoptata
1178 1218 1334 1272 sunt
1360 1227 1610 1298 parva,
1645 1204 2000 1298 gratissimi
2025 1206 2304 1298 saporiS,

202 1332 324 1401 quae
352 1307 652 1379 Petisia¹⁰
680 1311 1128 1379 nominantur
1165 1311 1416 1378 Patrias
1448 1308 1880 1380 nobilitavere
1909 1309 2277 1378 Amerina¹¹

202 1413 583 1484 etGraecula.
607 1417 865 1486 Caetera
893 1441 930 1485 e
958 1417 1170 1486 causis
1199 1431 1459 1485 traxere
1487 1440 1762 1485 nomen:
1786 1365 2306 1547 germanitatis?
2291 1471 2310 1501 ,

202 1520 570 1590 cohaerentia
594 1535 662 1590 et
689 1517 995 1616 gemella,
1018 1547 1378 1617 numquam
1402 1499 1703 1618 si'ngula
1685 1547 1752 1591 m
1773 1523 1947 1591 fetu·
1975 1509 2312 1610 colon-'1⁵⁸2

201 1665 405 1722 Galenus
433 1667 570 1721 κατὰ
614 1669 731 1722 τόπ.
757 1669 852 1720 lib.
880 1669 969 1733 11,
992 1687 1107 1740 cap.
1142 1687 1199 1736 1,

200 1763 299 1818 pag.
330 1747 471 1811 364,
510 1761 565 1802 et
590 1749 687 1801 lib.
716 1749 825 1812 VI,
861 1767 981 1819 cap.
999 1767 1063 1816 9,
1082 1767 1197 1819 pag.

203 1829 316 1881 522.
342 1825 524 1880 nnn.
544 1859 623 1872 --
660 1827 935 1899 Genioque.
966 1829 1047 1882 Ita
1078 1829 1197 1900 qui·

200 1903 301 1959 dem
322 1907 439 1959 libri
466 1907 655 1977 scripti
668 1921 720 1962 et
737 1907 882 1962 editi.
900 1906 1199 1960 Emendan-

200 1983 307 2038 dnm
323 1999 491 2040 tamen
506 1986 719 2043 videtur
740 1987 1007 2058 Curioque.
1033 1987 1083 2041 G
1096 2007 1195 2059 pro

203 2063 243 2116 C
254 2083 381 2138 sepe
401 2067 638 2120 occurrit
664 2069 721 2121 in
742 2067 895 2120 MSS.
932 2079 986 2120 et
1012 2067 1198 2120 Cestia-

200 2162 251 2195 aea
282 2147 411 2198 mala
454 2147 637 2200 Romo
687 2145 899 2201 laudata
936 2159 1199 2200 memorat

200 2223 423 2278 Galenus.
453 2225 625 2280 Nobis
642 2227 709 2279 les
726 2246 932 2298 pamm
950 2227 1009 2278 de
1036 2239 1197 2278 court·

195 2304 349 2372 penda.
362 2305 529 2358 Bnooe.
544 2337 625 2347 —
644 2307 717 2358 Et
728 2306 936 2359 Manlio.
959 2307 1023 2358 In
1047 2305 1197 2360 MSS-

200 2383 307 2454 neg.
334 2403 355 2438 ι
386 2397 441 2438 et
468 2405 495 2437 ²
515 2425 531 2451 ,
556 2387 682 2439 etin
709 2385 943 2440 editione
968 2385 1195 2457 princip.

200 2461 367 2517 Mallio.
397 2465 638 2518 Bao-rnn-
664 2527 673 2533 ⁴

266 2552 311 2608 4.
324 2546 445 2596 leem
464 2542 695 2598 Scaudio.
721 2543 881 2598 Unde
902 2543 1199 2598 Scaudiana

200 2622 337 2688 mala,
383 2622 527 2694 apud
575 2625 805 2678 Van-on.
834 2625 931 2678 lib.
966 2627 993 2676 1
1014 2662 1029 2689 ,
1076 2643 1195 2694 cap.

204 2699 287 2769 593
306 2704 517 2758 Colum.
531 2704 571 2756 l.
584 2723 631 2758 c.
647 2717 700 2758 et
715 2704 956 2766 Celsum,
982 2705 1075 2757 lib.
1094 2705 1196 2768 lv,

202 2797 297 2852 cap.
342 2802 426 2852 ¹9·
475 2783 731 2838 Scandina
779 2797 934 2836 vocat
976 2784 1194 2838 Scribo-

200 2860 321 2926 nius,
346 2863 541 2934 Comp.
592 2870 711 2926 104.
750 2865 817 2916 In
861 2862 1014 2916 MSS.
1064 2865 1194 2935 Reg.

203 2939 331 2994 colb.
358 2942 460 2995 Th.
488 2942 719 2996 Scaudio.
743 2944 807 2995 In
822 2941 980 2996 editis
1002 2961 1197 3015 perpe·

201 3036 293 3072 ram
315 3021 540 3075 Claudio.
568 3019 747 3074 Ham).

268 3100 315 3154 5.
336 3102 537 3170 Quibus.
558 3101 765 3172 Nempe
783 3079 1191 3155 Scaudianisfii.

266 3181 313 3232 6.
342 3183 467 3250 Quoe
491 3181 797 3234 Scaudianis.
834 3180 1081 3234 Proxime
1101 3199 1195 3251 ap-

202 3257 395 3326 pellatis.
430 3261 517 3314 Ita
568 3272 713 3315 recte
768 3259 951 3316 chiffl.
1000 3260 1199 3332 aliique

205 3335 381 3392 codices
398 3359 417 3394 a
442 3339 501 3392 in
523 3337 681 3395 editis
704 3340 843 3393 male
868 3340 1153 3393 Claudianis
1180 3359 1199 3392 .-

205 3432 343 3485 qnum
356 3419 647 3474 Claudiana
667 3459 683 3485 ‚
708 3421 749 3473 si
766 3437 886 3491 quo
912 3420 1059 3472 fuere
1074 3461 1091 3486 ,
1114 3433 1201 3473 ea·

205 3492 305 3548 dem
324 3517 431 3552 esse
454 3518 577 3552 cnm
600 3499 859 3571 Appianis
884 3517 1093 3553 necesse
1117 3499 1201 3554 sit.

269 3579 401 3646 7.Ee
414 3580 646 3645 familia.
674 3581 791 3633 MS.
814 3600 840 3630 e
855 3581 1071 3646 familia.
1096 3581 1201 3632 En.

273 3656 319 3708 8.
344 3659 604 3726 Qun-iana.
634 3660 765 3712 Cato
786 3696 803 3724 ‚
830 3655 899 3710 de
920 3661 1065 3712 KR.
1084 3677 1204 3729 cap.

206 3749 287 3798 ΥΠ,
300 3753 407 3806 pag.
424 3740 510 3803 13,
528 3738 845 3804 Quiriniana
862 3751 1015 3792 vocat
1035 3757 1049 3791 ε
1070 3739 1205 3790 Var-

208 3828 257 3864 ro
296 3831 499 3888 quoque
548 3815 617 3870 de
656 3819 721 3872 R.
760 3819 823 3870 R.
855 3817 950 3870 lib.
976 3819 1039 3882 1,
1080 3837 1199 3888 cap.

1289 1687 1409 1740 pag
1454 1670 1571 1738 75:
1602 1668 1981 1722 «Scantiana
1963 1688 2020 1721 m
2047 1667 2228 1732 doliis,
2257 1682 2312 1722 et

1286 1748 1385 1802 alia
1407 1767 1527 1819 quo
1549 1747 1709 1801 condi
1737 1744 1924 1802 solent.
1950 1742 2058 1801 »ΡΒ
2081 1750 2311 1802 Scantia·

1284 1846 1479 1881 norum
1507 1829 1748 1882 meminit
1763 1829 1937 1884 Varro
1953 1866 1968 1892 ‚
1989 1828 2084 1881 lib.
2100 1831 2128 1880 1
2147 1867 2164 1893 ‚
2187 1847 2306 1899 cap.

1289 1907 1381 1976 59.
1412 1908 1600 1961 Hum-

1371 2005 1455 2040 ιο»
1486 1987 1614 2057 Quoe
1634 1987 1846 2052 Petisia,
1869 2000 1966 2041 ete.
1997 1988 2132 2052 Quae
2163 2006 2312 2040 nunc

1282 2066 1477 2138 vulgus
1521 2067 1752 2138 appellat
1786 2087 1994 2138 pommes
2019 2068 2162 2138 d'api
2181 2079 2198 2109 ··
2225 2069 2308 2120 vel

1286 2164 1407 2216 quo
1421 2145 1613 2199 eodem
1639 2147 1788 2217 vulgi
1809 2165 2054 2202 sermone
2065 2185 2084 2211 ,
2099 2165 2310 2217 pommes

1283 2226 1344 2278 de
1366 2226 1578 2278 Paradae
1596 2227 1908 2279 vocitantur.
1931 2227 2144 2280 Rectius
2169 2226 2310 2280 forte

1287 2306 1504 2372 Peticia,
1533 2307 1600 2358 ab
1622 2320 1842 2358 auctore
1868 2305 2092 2358 Peticio.
2125 2303 2186 2357 ld
2211 2325 2308 2359 no-

1285 2403 1407 2437 men
1444 2403 1682 2438 romanie
1723 2385 1892 2456 gentis
1935 2384 2082 2455 apud
2110 2384 2308 2438 Grute-

1284 2483 1405 2516 rum
1431 2465 1696 2534 frequens.
1723 2463 1908 2518 Haan.

1372 2563 1395 2597 1
1412 2564 1434 2597 ῐ
1448 2584 1461 2596 .
1478 2546 1729 2596 Amerina.
1749 2543 1834 2596 Ab
1853 2543 2097 2609 Ameria,
2111 2543 2180 2598 de
2203 2564 2307 2616 qua

1283 2623 1379 2676 lib.
1409 2625 1534 2690 111,
1580 2641 1700 2694 cap.
1743 2641 1828 2692 ¹9·
1863 2623 2116 2677 Amerina
2169 2624 2308 2678 mala

1282 2704 1476 2756 iterum
1503 2701 1684 2756 laudat
1710 2703 1852 2774 ipse,
1880 2721 1996 2774 cap.
2033 2723 2098 2774 ¹7
2115 2716 2171 2756 et
2203 2707 2305 2768 18;

1282 2782 1591 2836 Macrobius
1613 2801 1826 2854 quoque
1844 2795 1898 2836 et
1920 2782 2204 2837 Colum.ll.
2229 2801 2307 2836 cc.

1282 2863 1439 2916 Prius
1482 2863 1742 2916 Camerina
1781 2880 2060 2934 perperam
2100 2863 2309 2935 legeba-

1284 2955 1389 2996 tnr.
1420 2942 1604 2996 Hun.

1372 3041 1393 3076 ι
1411 3041 1461 3076 a.
1522 3021 1888 3076 Gemanieaaeis.
1941 3021 2316 3076 Germanitatis

1286 3113 1339 3153 et
1361 3101 1693 3155 coherentia!
1714 3120 1865 3156 causa
1887 3121 1978 3154 seu
2002 3101 2282 3154 occasione
2298 3139 2314 3164 ,

1284 3182 1508 3252 gemella
1532 3193 1863 3253 nuncupata:
1886 3182 2055 3234 Gallis
2069 3220 2086 3244 ,
2103 3199 2312 3250 pommus

1276 3261 1515 3330 Jumelles.
1575 3259 1758 3314 Ham).
1803 3293 1881 3304 —
1925 3261 2229 3314 Cohoereneia
2265 3271 2316 3310 et

1284 3341 1489 3410 gemella
1503 3379 1522 3405 ,
1547 3353 1646 3393 etc.
1673 3341 1736 3391 In
1749 3339 2027 3392 nonnullis
2038 3339 2315 3409 speciebus

1288 3431 1584 3473 occurrunt
1619 3419 1840 3490 gemella
1892 3417 1984 3471 illa
2017 3419 2152 3470 mala
2177 3455 2196 3482 ,
2247 3418 2316 3470 les

1284 3518 1491 3570 pommes
1525 3497 1762 3569 jumelles.
1807 3497 1930 3549 Non
1977 3509 2106 3549 nota
2157 3497 2315 3550 nobis

1291 3579 1524 3650 species,
1565 3579 1718 3648 cujus
1773 3575 1966 3647 singuli
2009 3575 2168 3628 'fetus
2209 3577 2315 3629 sint

1292 3659 1519 3730 gemelli.
1550 3659 1659 3710 En.

1382 3757 1403 3792 ι
1420 3739 1471 3791 3.
1511 3738 1720 3800 Color-is,
1745 3739 1922 3806 syrica.
1951 3735 2069 3789 Hoc
2085 3748 2163 3788 est
2180 3776 2196 3800 ,
2225 3755 2317 3788 ru·

1290 3819 1415 3880 tila,
1455 3831 1514 3870 ut
1559 3817 1802 3888 superins
1829 3817 2200 3869 indicavimus.
2238 3816 2318 3866 Ita

210 3893 285 3958 59.
313 3894 561 3960 Quis-iana
596 3897 836 3952 Macrob.
868 3897 905 3951 1.
934 3916 983 3950 c.
1013 3898 1109 3950 ubi
1150 3910 1204 3952 et
1290 3898 1441 3951 MSS.
1472 3914 1656 3949 omnes
1683 3896 1788 3948 hoc
1817 3895 1968 3954 loco,
1999 3915 2106 3948 non
2135 3895 2320 3948 Serica.

210 3967 579 4030 Scantianorum
612 3977 879 4030 meminit.
908 3977 977 4031 H.

276 4069 323 4119 9.
360 4053 642 4110 Scantiana.
658 4059 793 4112 Cato
804 4095 821 4120 ,
837 4074 959 4128 cap.
990 4074 1163 4110 cum
1178 4095 1196 4124 ‚

1288 3978 1360 4030 Et
1401 3976 1716 4031 Columelloe
1737 4014 1753 4039 ,
1797 3975 1834 4028 l.
1855 3995 1902 4030 c.
1931 3975 2105 4050 syrica
2128 3993 2321 4027 vocan-

1292 4069 1398 4110 tur.
1430 4056 1597 4110 Nobis
1611 4093 1630 4122 ‚
1642 4075 1853 4128 pommes
1867 4054 1928 4108 de
1947 4055 2160 4110 Calve‘lle
2174 4053 2322 4108 d'au-

1877 4148 2003 4234 26³
