2984 5009
599 433 743 505 620

1148 443 1227 511 C.
1280 444 1617 513 PLINII
1675 443 1885 511 NAT.
1940 442 2204 511 HIST.

598 584 666 638 et
716 572 933 701 qticae
977 573 1298 669 templum
1359 574 1723 672 Apollinis,
1775 576 1892 645 ubi
1947 574 2455 644 Numidicarum
2513 573 2753 643 cedro-

599 677 786 745 rum¹
794 662 1067 749 ⁵trabes
1102 680 1385 770 durant,
1421 686 1516 753 ita
1555 698 1630 753 ut
1669 688 1902 778 positae
1933 680 2120 751 fuere
2149 682 2364 776 prima
2391 680 2586 749 urbis
2617 680 2756 772 ejus

599 783 891 877 Ossglne,
926 810 1117 857 annis
1148 812 1449 859 MCLxxv
1454 788 1578 859 111

1583 776 1808 859 ⁶.·Et
1790 814 1860 857 m
1897 790 2216 884 Hispania
2247 788 2533 882 Sagunti
2573 788 2758 855 aiunt

600 889 925 985 templum
971 895 1208 964 Dianae
1258 920 1299 964 a
1344 897 1693 991 Zacyntho
1728 896 2026 965 advectae
2061 918 2218 965 cum
2259 893 2754 977 conditoribuS,

600 998 789 1067 annis
828 998 1131 1071 ducentis
1181 1016 1336 1072 ante
1376 1004 1706 1072 excidium
1743 1003 1959 1096 Trojae
1981 1056 2002 1089 ,
2055 1016 2134 1071 ut
2167 1015 2406 1071 auctor
2451 1016 2558 1070 est
2593 1004 2752 1069 Boc-

602 1103 805 1191 chus,
856 1105 1161 1202 infraque
1218 1110 1542 1204 oppidum
1591 1112 1808 1206 ipsum
1865 1109 1933 1179 id
1976 1108 2230 1178 haberi.
2277 1109 2409 1178 Cui
2456 1107 2758 1203 pepercit

602 1208 921 1305 religione
950 1214 1262 1286 inductus
1296 1216 1670 1305 Hannibal,
1701 1218 1994 1311 juniperi
2027 1215 2329 1285 trabibus
2351 1215 2556 1283 etiam
2583 1236 2760 1282 nunc

602 1315 1020 1389 durantibus.
1061 1322 1279 1417 Super
1310 1325 1538 1393 omnia
1561 1338 1974 1393 memoratur
2009 1320 2182 1391 aedes
2217 1323 2285 1389 in
2315 1320 2558 1389 Aulide
2589 1320 2756 1413 ejus·

602 1422 756 1493 dem
790 1428 990 1514 Deae,
1017 1428 1271 1500 saeculis
1314 1429 1569 1525 aliquot
1598 1444 1752 1500 ante
1789 1429 2158 1523 Trojanum
2187 1426 2436 1497 bellum
2467 1424 2760 1497 exaedifi-

604 1544 807 1599 cata:
848 1557 1140 1627 quonam
1200 1562 1443 1668 genere
1498 1538 1796 1607 materiae
1855 1538 2128 1607 scientia
2187 1532 2630 1604 obliterata¹.
2581 1533 2606 1573 ⁷
2683 1534 2760 1599 In

605 1634 878 1729 plenum
943 1638 1072 1710 dici
1129 1630 1417 1737 potest¹⁸

1474 1645 1705 1739 utique
1749 1668 1897 1740 quae
1933 1641 2142 1712 odore
2183 1639 2620 1737 praecellant,
2685 1662 2760 1707 ea

534 1763 566 1820 4
604 1746 970 1817 aeternitate
1012 1763 1345 1842 praestare.
1378 1753 1437 1819 A
1474 1751 1808 1845 praedictis
1838 1749 1886 1789 ¹⁹
1924 1774 2154 1819 morus
2189 1750 2494 1843 proxime
2523 1744 2758 1816 lauda·-

692 2030 776 2086 15.
830 2033 1205 2088 Numidicarum
1248 2036 1515 2090 cedrorum.
1556 2037 1638 2091 Ita

606 2112 731 2166 libri
776 2130 995 2181 omnes,
1020 2114 1179 2167 etiam
1210 2115 1361 2170 MSS.
1397 2136 1542 2182 non,
1579 2128 1642 2169 ut

605 2191 826 2264 quidam
848 2206 1088 2257 mutant,
1124 2198 1370 2249 citt-orum,
1412 2198 1483 2249 Et
1512 2215 1642 2249 vero

609 2271 678 2325 de
722 2274 1022 2345 tergemino
1062 2274 1234 2328 solum
1269 2276 1405 2347 ligni
1448 2294 1643 2348 genere

608 2372 754 2406 nunc
808 2365 889 2407 est
936 2354 1177 2408 instituta
1224 2356 1433 2420 oratio,
1492 2354 1642 2427 quod

609 2431 954 2486 eternitatem
968 2434 1070 2487 sibi
1086 2436 1373 2507 quamdam
1389 2434 1646 2501 vindicat,

610 2513 806 2574 ebeno,
827 2530 1079 2584 cupresso
1094 2555 1109 2577 ,
1141 2514 1336 2569 cedro:
1360 2516 1644 2587 obiterque

609 2591 679 2645 de
687 2592 966 2664 junipero,
985 2595 1074 2647 cui
1094 2596 1264 2649 virtus
1286 2594 1472 2649 eadem
1490 2634 1507 2661 ,
1525 2613 1646 2666 quas

610 2670 773 2726 cedro
788 2714 804 2737 ,
823 2685 902 2726 est
914 2674 1167 2727 attributa
1181 2714 1196 2739 ,
1208 2688 1267 2728 ut
1276 2674 1512 2730 diximus
1524 2694 1642 2747 cap.

615 2755 709 2822 76.
744 2754 815 2806 Et
845 2752 905 2805 in
950 2752 1138 2808 Africa
1185 2754 1407 2809 cedrum
1449 2774 1648 2825 prove-

611 2832 731 2883 nire
749 2872 764 2895 ,
792 2850 1023 2904 eamque
1062 2832 1509 2900 laudatissimam,
1543 2835 1646 2887 ibi-

613 2909 735 2963 dem
751 2928 817 2963 ex
830 2910 1030 2977 Plinio,
1055 2914 1418 2986 Vitruvioque
1430 2911 1648 2967 abunde

613 2989 919 3044 docuimus.
945 2990 1133 3047 niun.

702 3072 790 3122 16.
812 3069 1243 3126 MCLXXVIII.
1261 3076 1344 3127 Ita
1364 3072 1519 3127 MSS.
1538 3092 1650 3127 om·

616 3168 740 3214 nes,
768 3162 948 3204 recte:
975 3171 1085 3205 non
1107 3166 1167 3207 ut
1194 3154 1451 3207 hactenus
1477 3152 1644 3217 editi,

616 3230 1311 3299 MCLXXXV111.Quum
1342 3253 1506 3305 porro
1533 3235 1650 3288 hoec

618 3311 825 3363 Plinius
856 3313 1125 3384 scripserit
1167 3332 1307 3367 anno
1354 3316 1421 3367 ab
1470 3316 1543 3367 U.
1583 3314 1648 3368 C.

623 3390 763 3458 830,
792 3391 1007 3447 Uticam
1042 3412 1253 3447 necesse
1278 3406 1357 3447 est
1376 3392 1648 3447 conditam

620 3472 783 3524 fuisse
811 3486 933 3526 ante
960 3473 1109 3527 urbis
1130 3476 1319 3527 Romae
1350 3474 1614 3545 originem
1635 3514 1651 3541 ,

623 3551 775 3603 annis
827 3554 970 3617 3258,
1024 3572 1164 3607 anno
1214 3554 1335 3605 Heli
1374 3554 1652 3607 Pontificis

623 3631 971 3685 Hebraeorum
985 3634 1199 3687 circiter
1218 3634 1464 3699 35,anno
1488 3636 1600 3687 fere
1623 3651 1650 3686 a

621 3709 788 3781 Troja
808 3726 971 3783 capta
994 3715 1281 3767 centesimo
1323 3714 1652 3786 octogesimo

623 3804 832 3861 quarto.
863 3789 1045 3846 Huic.

711 3887 800 3940 17.
834 3872 1057 3941 Quonam
1073 3892 1247 3941 genere
1264 3878 1476 3927 materioe
1505 3878 1654 3927 seien-

625 3951 699 4001 tia
746 3951 1021 4005 obliterata.
1066 3954 1128 4005 In
1182 3954 1297 4007 aliis
1342 3954 1652 4020 codicibus,

630 4054 653 4075 ι
681 4032 831 4103 cujus
859 4032 1113 4102 quoniam
1146 4035 1353 4104 generis
1382 4036 1653 4099 mater-im,

619 4121 724 4163 etc.
738 4136 759 4158 ι
782 4111 1133 4166 Scribendnm
1153 4115 1413 4184 conjicio,
1434 4073 1655 4168 nThuiai

1725 2035 1945 2112 quidem
2007 2034 2217 2106 generis
2277 2032 2556 2097 materie,
2601 2046 2699 2086 etc.
2732 2058 2754 2080 »

1725 2129 1845 2169 tum
1884 2113 2032 2188 quod
2072 2115 2480 2185 Theophrastus
2525 2125 2652 2187 post
2681 2130 2759 2165 ce·

1726 2192 1885 2248 drum
1910 2207 1967 2248 et
1983 2194 2192 2247 thuiam
2224 2193 2438 2247 tertiam
2463 2193 2629 2247 tertio
2649 2192 2763 2243 loco

1727 2276 1886 2345 ponit
1905 2292 2120 2329 morum
2141 2312 2157 2339 ,
2191 2271 2342 2344 quod
2359 2273 2450 2326 hic
2477 2271 2634 2326 vides
2655 2271 2764 2323 fieri

1726 2354 1916 2408 itidem
1946 2373 1977 2408 a
2018 2353 2195 2406 Plinio
2226 2372 2240 2406 :
2273 2365 2388 2406 tum
2413 2354 2578 2405 etiam
2621 2348 2762 2423 quod

1728 2436 1905 2489 statim
1957 2433 2234 2505 subjungit
2286 2432 2526 2499 Plinius,
2583 2452 2608 2475 e
2651 2448 2761 2501 quc

1730 2514 1900 2569 odore
1947 2513 2254 2587 praecellant
2293 2512 2594 2565 aeternitate
2633 2530 2762 2583 prae·

1729 2608 1886 2648 stare.
1916 2621 1937 2641 ι
1963 2594 2034 2647 Et
2059 2610 2224 2663 supra
2251 2592 2458 2645 Plinius
2485 2591 2635 2645 libro
2665 2604 2762 2644 ter-

1731 2676 1808 2729 tio
1837 2673 2080 2739 decimo,
2122 2687 2237 2743 cap.
2274 2675 2343 2725 16
2365 2711 2381 2734 ,
2417 2670 2488 2724 de
2510 2671 2660 2724 thuia
2687 2670 2760 2722 lo-

1732 2772 1901 2827 quens
1917 2792 1932 2814 ‚
1955 2752 2139 2807 diane
2151 2791 2170 2817 ,
2185 2752 2362 2823 inquit
2375 2790 2391 2815 ,
2417 2753 2566 2804 inter
2579 2750 2762 2804 odores

1730 2835 1812 2888 uti
1833 2832 1992 2888 tradit
2013 2834 2069 2886 in
2087 2831 2294 2885 deliciis
2321 2831 2526 2885 Circes.
2554 2856 2579 2879 a
2602 2832 2757 2883 Pur.

1733 2946 1814 2957 —-
1833 2916 2058 2985 Quonam
2071 2932 2262 2983 genere.
2292 2912 2382 2965 Sic
2397 2910 2527 2963 libri
2541 2910 2702 2975 editi,
2715 2922 2760 2961 et

1734 2994 1899 3048 MSS.
1922 2996 2054 3065 Reg.
2081 3006 2185 3046 etc.
2216 2989 2400 3043 Rutu.

1822 3076 1910 3129 18.
1954 3074 2015 3128 In
2045 3073 2241 3143 plenum
2285 3072 2388 3123 dici
2423 3082 2617 3140 potest,
2665 3082 2758 3121 etc.

1741 3180 1765 3202 ι
1795 3155 1861 3206 In
1902 3154 2124 3225 plenum
2169 3150 2281 3204 dici
2317 3162 2497 3221 potest
2515 3190 2531 3216 ,
2585 3150 2760 3219 utique

1733 3253 1854 3306 quae
1877 3232 2046 3286 odore
2071 3230 2378 3307 praecellant
2397 3238 2515 3295 eas,
2543 3242 2596 3283 et
2617 3244 2760 3281 aeter·

1732 3314 1898 3367 nitate
1926 3325 2196 3385 praestare.
2219 3337 2241 3358 ι
2276 3312 2356 3363 Ita
2379 3307 2682 3381 corrigend.
2707 3308 2760 3359 In

1728 3394 1924 3464 plenum
1940 3433 1956 3458 ,
2022 3392 2142 3453 ὅλως
2165 3431 2181 3456 ,
2237 3392 2440 3443 καθόλου
2463 3428 2482 3453 ,
2527 3388 2759 3442 συνελόντι

1737 3474 1909 3527 εἰπεῖν.
1939 3474 2111 3526 Sum.
2142 3504 2222 3515 —
2245 3469 2306 3523 In
2330 3470 2529 3539 plenum
2559 3470 2658 3521 dici
2671 3486 2758 3537 po·

1739 3566 1845 3607 test.
1875 3554 1962 3607 Sic
1987 3553 2141 3606 MSS.
2166 3552 2297 3621 Reg.
2325 3550 2488 3603 Colb.
2517 3562 2621 3602 etc.
2641 3548 2756 3599 Non

1736 3633 1839 3685 dici
1852 3652 1952 3704 par
1978 3645 2052 3684 est
2070 3671 2086 3698 ,
2129 3644 2190 3684 ut
2216 3648 2505 3702 perperam
2539 3630 2594 3681 in
2617 3624 2758 3681 chif-

1737 3712 1847 3766 flet.
1883 3712 2096 3783 legitur.
2135 3710 2261 3763 Hoc
2293 3726 2430 3775 vox,
2463 3712 2516 3761 in
2547 3708 2759 3778 plenum,

1737 3794 2042 3846 summatim
2075 3830 2091 3857 ,
2147 3790 2394 3843 universe
2420 3828 2439 3854 ,
2511 3788 2722 3841 omnino
2746 3824 2762 3845 ,

1739 3886 1908 3927 sonat.
1945 3870 2126 3924 Hnm.

1827 3972 1914 4023 19.
1961 3954 2016 4006 A
2037 3950 2306 4024 proede‘cttls.
2345 3948 2464 4000 Hoc
2498 3958 2606 4010 est,
2641 3955 2756 4015 post

1738 4031 2067 4105 praedictas:
2097 4030 2346 4094 cedrum,
2381 4029 2640 4085 ebenum
2667 4042 2754 4076 cu·

1739 4132 2000 4185 pressum.
2049 4110 2511 4181 Theophrast.V,
2555 4104 2708 4160 511.
