2984 5009
666 437 811 520 414
1219 436 1950 506 C.PL1NIINAT.
2005 437 2254 506 HIST.

668 572 947 654 siccata,
985 569 1078 638 ita
1116 591 1203 638 ne
1234 583 1568 640 nocturno
1605 596 1758 642 rore
1787 572 2292 701 contingantur,
2329 571 2778 709 suspendizet

668 699 875 770 quum
903 621 1105 744 libeat
1132 676 1265 758 uti,
1292 699 1462 769 aqua
1486 676 1665 747 dulci
1695 663 1968 773 perlui&
1995 679 2093 746 Μ.
2126 665 2387 750 Vari-0⁴
2423 693 2494 747 et
2520 680 2588 748 in
2613 678 2780 748 doliis

672 805 889 852 arenae
948 784 1198 852 servari
1232 783 1469 874 jubet.
1519 800 1588 854 et
1629 769 2026 856 immatura⁵
2077 784 2274 855 obrui
2327 799 2506 854 terra
2554 788 2621 854 in
2659 783 2782 854 ollis

674 889 881 958 fundo
905 888 1229 974 effract0,
1262 889 1379 960 sed
1402 892 1641 985 spiritu
1671 875 2020 978 excluso⁶,
2049 915 2129 962 ac
2153 890 2426 961 surculo
2445 893 2592 987 pice
2614 890 2780 962 illito:

672 996 763 1066 sic
796 997 993 1066 etiam
1032 1020 1329 1066 crescere
1372 997 1808 1126 amplitudine
1851 996 2138 1090 majore,
2181 1020 2384 1092 quam
2413 997 2740 1094 possint⁷
2728 1023 2782 1066 ιιι

669 1102 929 1171 arbore.
968 1105 1225 1172 Caetera
1267 1089 1483 1174 ιιιειΙει8
1515 1103 1688 1174 foliis
1728 1103 2026 1190 ficulnis,
2061 1119 2502 1199 preterquam
2531 1104 2782 1184 cadim,

673 1207 933 1303 singula
963 1208 1314 1297 convolvi,
1342 1211 1650 1306 cistisque
1678 1209 1968 1282 vitilibus
1991 1210 2230 1298 condi,
2263 1209 2370 1282 vel
2399 1209 2616 1282 creta⁹
2647 1208 2784 1304 figli-

674 1339 913 1384 narum
954 1313 1133 1384 illini.

780 1424 935 1490 Pira
974 1422 1045 1488 in
1074 1423 1247 1491 vasis
1283 1421 1598 1493 fictilibus
1637 1425 1870 1518 picatis
1909 1424 2186 1492 inversis
2221 1423 2420 1493 obrui
2449 1424 2617 1492 inter
2643 1445 2784 1490 scro-

674 1528 790 1598 bes
809 1528 847 1596 ¹.
915 1530 1273 1598 Tarentina
1316 1531 1644 1600 serissime
1696 1529 1844 1624 legi.
1905 1530 2224 1599 Aniciana
2246 1526 2268 1553 ²
2331 1529 2580 1598 servari
2619 1542 2682 1596 et
2729 1529 2783 1596 in

681 1745 704 1766 ι
724 1717 919 1771 Poenus
970 1713 1189 1789 quidem
1244 1717 1401 1789 Mago
1462 1717 1708 1791 praecipit
1871 1723 1924 1773 6.
1973 1717 2162 1790 Spiritu
2219 1721 2430 1774 excluso.
2489 1719 2572 1774 Ne
2625 1731 2786 1773 ventus

672 1816 866 1870 aquam
893 1799 1153 1850 marinam
1196 1797 1538 1852 vehementer
1570 1799 1707 1852 cale·
1788 1797 1953 1852 afflet.
1983 1799 2168 1853 Hum.

674 1877 823 1942 fieri,
856 1889 910 1930 et
942 1878 997 1931 in
1037 1895 1099 1930 ea
1134 1877 1273 1930 mala
1315 1891 1530 1950 granata
1551 1916 1566 1943 ,
1597 1878 1709 1932 lino
1871 1898 1926 1950 7.
1954 1871 2130 1949 {Quam
2161 1884 2369 1950 possint.
2428 1879 2517 1934 Sic
2561 1899 2625 1934 ex
2657 1877 2787 1932 MSS.

678 1969 923 2030 spartove
950 1957 1177 2027 illigata,
1210 1959 1432 2025 paulum
1471 1957 1710 2020 demitti,
1790 1977 1894 2012 em.
1916 1956 2086 2011 Har-d.
2111 1977 2258 2024 cqns.
2285 1959 2470 2014 Chim.
2491 1971 2683 2030 possunt
2700 1959 2782 2012 Gr.

674 2035 807 2090 dum
832 2034 1210 2090 decolorentur
1234 2055 1247 2088 :
1275 2049 1326 2090 et
1342 2048 1588 2109 exempta
1613 2055 1712 2109 per
1791 2051 1844 2091 et
1869 2037 1953 2091 ΑΙ.
1975 2037 2082 2092 En.

678 2116 918 2170 triduum
950 2116 1005 2168 in
1033 2115 1143 2168 sole
1162 2115 1385 2169 siccari:
1422 2129 1606 2188 postea
1630 2117 1712 2170 lo·
1875 2119 1928 2170 8.
2000 2118 2190 2171 Coetem
2263 2119 2411 2172 mala.
2489 2117 2784 2176 Columella,

678 2217 741 2251 co
768 2193 964 2268 frigido
1008 2193 1291 2266 suspendi:
1322 2209 1376 2248 et
1418 2215 1586 2268 quum
1627 2213 1714 2248 res
1790 2196 1886 2251 lib.
1915 2197 2054 2262 XII,
2079 2216 2195 2268 cap.
2232 2197 2304 2261 45
2323 2237 2338 2264 ,
2364 2218 2422 2269 p.
2453 2199 2643 2262 450²!
2666 2198 2787 2252 Non·

678 2277 942 2348 exegerit,
998 2293 1105 2328 una
1154 2288 1311 2329 nocte
1330 2316 1345 2341 ‚
1396 2290 1450 2330 et
1497 2288 1712 2346 postero
1792 2277 1930 2329 nulli
1944 2277 2087 2329 foliis
2107 2277 2350 2331 ficulneis
2364 2278 2571 2350 illigant
2590 2273 2789 2346 ‚deinde

677 2355 795 2422 die,
842 2373 1016 2426 usque
1065 2354 1124 2407 in
1166 2373 1280 2408 eam
1327 2357 1547 2418 horam,
1606 2374 1712 2427 qua
1792 2369 1987 2410 cretam
2058 2356 2332 2427 figulat-em
2409 2377 2534 2412 cum
2612 2375 2792 2412 amurca

680 2435 842 2490 fuerit
868 2433 1128 2488 utendum
1147 2473 1163 2498 ,
1186 2454 1320 2507 aqua
1352 2435 1544 2506 frigida
1565 2433 1714 2488 dulci
1792 2435 2074 2508 subigunt,
2100 2450 2153 2490 et
2187 2457 2248 2490 en
2279 2437 2458 2491 linum
2505 2437 2660 2503 mala,
2697 2454 2790 2510 que

677 2514 985 2570 macerari.»
1014 2513 1213 2567 Eadem
1242 2515 1401 2569 habet
1424 2513 1713 2580 Palladius,
1793 2534 1961 2588 quum
2014 2514 2206 2570 siccata
2251 2530 2373 2569 suut
2397 2557 2411 2580 ‚
2458 2517 2516 2570 in
2559 2517 2786 2575 tabulato,

675 2597 770 2650 lib.
800 2595 881 2648 1v
918 2595 975 2647 in
1002 2593 1225 2664 Martio,
1272 2595 1352 2649 tit.
1390 2614 1485 2660 ιο,
1521 2613 1578 2666 p.
1615 2595 1711 2666 93.
1793 2594 1991 2665 frigido
2036 2595 2157 2650 loco
2210 2607 2264 2648 et
2306 2595 2444 2652 sicco
2501 2609 2790 2669 reponunt-¹·

681 2679 868 2729 Hum-
1792 2675 1970 2727 Habet
2011 2675 2197 2728 eadem
2237 2674 2542 2742 Palladius,
2599 2679 2688 2730 lib.
2722 2673 2790 2726 111

762 2755 818 2809 3.
844 2755 994 2828 Aqua
1024 2753 1156 2806 dulci
1172 2755 1350 2824 per-lui.
1372 2752 1528 2806 Idem
1553 2753 1719 2807 Colu·
1795 2755 1850 2807 in
1881 2755 2039 2807 Febr.
2070 2754 2150 2808 tit.
2191 2755 2259 2811 25
2281 2795 2298 2822 ,
2329 2775 2385 2828 p.
2415 2761 2512 2827 76.
2538 2756 2704 2810 Ham.

682 2835 806 2888 mel.
836 2833 957 2887 loco
976 2829 1160 2887 citato.
1191 2835 1334 2888 Du..
1877 2854 1932 2904 9.
1967 2835 2068 2886 Vel
2084 2847 2233 2889 creta.
2262 2836 2350 2890 Sic
2369 2838 2624 2908 Apuleius
2635 2839 2793 2890 Roma·

763 2921 815 2978 4.
860 2913 935 2964 M.
969 2911 1132 2965 Varro
1174 2924 1224 2966 et
1267 2917 1318 2964 in
1364 2914 1510 2965 doliis
1553 2932 1715 2965 arenoe
1799 2933 1903 2966 nus
1935 2913 1993 2967 in
2019 2913 2377 2986 Geoponicis,
2413 2917 2508 2972 lib.
2539 2917 2618 2980 X,
2639 2937 2682 2970 c.
2712 2931 2794 2974 ιι,

680 2997 862 3047 servari
894 2991 1051 3064 jubet.
1101 2994 1184 3044 Ita
1219 3011 1365 3046 nunc
1411 2993 1614 3065 legitur
1657 2994 1715 3046 in
1794 3012 1851 3064 p.
1886 2997 1994 3048 262
2019 2993 2195 3057 ε’Τινὶς
2221 2993 2280 3049 δὲ
2304 3003 2572 3068 κιραμεικῇ
2594 3003 2655 3068 γῇ
2685 3013 2794 3064 περι·

679 3074 776 3126 lib.
801 3075 829 3126 1
854 3070 921 3124 de
942 3073 1007 3123 R.
1030 3073 1097 3124 R.
1118 3091 1165 3126 c.
1194 3071 1264 3142 59
1281 3111 1298 3137 ‚
1325 3093 1382 3145 p.
1404 3093 1474 3144 71
1502 3092 1514 3125 :
1553 3101 1577 3121 ι
1601 3074 1716 3126 Ma·
1795 3073 2081 3136 ulciacus-sc
2097 3113 2114 3139 ‚
2145 3076 2255 3128 καθ’
2275 3077 2323 3128 lv
2347 3081 2497 3144 μῆλον
2525 3077 2793 3148 {rapui-eoum,

679 3155 731 3206 la
758 3153 959 3225 punica
990 3151 1231 3206 demissis
1262 3153 1371 3206 suis
1400 3153 1630 3207 surculis
1656 3153 1716 3206 in
1794 3153 1880 3206 καὶ
1910 3155 2248 3208 ἀποτίθενται.
2288 3181 2310 3202 ι
2335 3155 2568 3222 Quidam
2593 3171 2718 3210 terra
2743 3151 2796 3204 fi·

680 3231 828 3286 dolio
846 3250 1073 3285 arenae.»
1099 3231 1186 3285 Sic
1201 3233 1360 3286 etiam
1376 3234 1712 3304 auct.Geop.
1793 3233 1978 3302 galina
2005 3234 2211 3306 singula
2251 3237 2388 3288 mala
2419 3236 2688 3299 oblinunt,
2713 3233 2795 3286 sic-

680 3313 718 3366 Ι.
749 3331 797 3367 c.
823 3311 1008 3365 Ham).
1792 3327 1936 3376 cant,
1959 3327 2009 3367 et
2034 3327 2320 3387 reponunt.
2347 3341 2369 3361 ι
2411 3316 2595 3372 Hum-

767 3391 819 3448 5.
870 3393 946 3446 Et
996 3397 1270 3446 immatura.
1313 3395 1527 3458 Varro,
1577 3394 1615 3445 l.
1666 3413 1712 3447 c.
1884 3411 1933 3446 1.
1965 3395 2100 3446 Inter
2139 3395 2344 3448 scrobes.
2391 3395 2482 3449 Sic
2505 3395 2652 3449 MSS.
2687 3394 2794 3460 Reg-

688 3500 712 3520 ι
733 3471 906 3526 Etiam
926 3471 1208 3526 immatura
1238 3493 1403 3545 quum
1432 3473 1638 3527 haerent
1659 3473 1715 3526 in
1796 3473 1951 3526 colb.
1975 3487 2075 3527 etc.
2111 3475 2293 3539 Quare
2314 3494 2440 3528 mox
2460 3477 2616 3528 etiam
2641 3471 2789 3543 sequi·

682 3571 775 3606 sua
810 3553 986 3624 virga,
1024 3565 1077 3606 et
1123 3550 1401 3606 demiseris
1445 3553 1501 3604 in
1551 3554 1714 3606 ollam
1796 3565 1919 3618 tur,
1961 3573 2028 3607 ex
2054 3552 2242 3607 iisdem
2273 3553 2434 3608 codd.
2461 3553 2610 3607 Sor-be
2645 3567 2796 3626 quoq&

682 3633 793 3686 sine
808 3633 1003 3698 fundu,
1028 3652 1252 3704 eamque
1273 3634 1317 3686 si
1340 3633 1632 3704 conjeceris
1658 3633 1714 3686 in
1794 3642 1844 3685 et
1881 3633 2124 3686 scrobibus
2157 3652 2178 3686 :
2211 3634 2316 3688 hoc
2361 3647 2471 3696 est,
2506 3629 2712 3706 perinde
2742 3646 2792 3680 nc

685 3723 912 3778 terram,
960 3725 1015 3764 et
1052 3713 1264 3766 obteres
1302 3713 1442 3767 circa
1470 3733 1712 3780 ramum,
1796 3711 1914 3783 pira
1937 3749 1954 3775 ‚
2003 3711 2071 3766 de
2112 3713 2306 3785 quibus
2345 3714 2549 3769 dictum
2581 3725 2656 3768 est
2692 3725 2794 3782 pro·

683 3790 727 3856 si
776 3793 1097 3845 extrinsecus
1151 3793 1371 3863 spiritus
1420 3793 1597 3859 afflet,
1653 3811 1712 3846 ea
1795 3792 1957 3846 xime.
1986 3793 2168 3847 Hnm.

683 3887 793 3922 non
822 3869 981 3924 modo
1002 3872 1203 3943 integra
1228 3873 1424 3938 eximi,
1444 3873 1712 3927 sedetiam
1886 3892 1937 3926 2.
1963 3873 2228 3926 Aniciana.
2255 3873 2431 3926 Varro
2453 3875 2490 3928 l.
2505 3893 2553 3927 c.
2577 3899 2598 3920 e
2617 3873 2676 3924 In
2693 3883 2792 3938 stpi

684 3951 911 4018 majora,
943 3969 1101 4021 quam
1139 3953 1194 4004 in
1241 3954 1431 4007 arbore
1476 3972 1714 4026 unquam
1801 3954 2018 4005 condita
2061 3971 2276 4007 manere
2319 3955 2438 4025 pir·
2481 3953 2718 4008 Aniciana
2751 3955 2790 3997 et

690 4028 1096 4101 pependerint·
1124 4029 1303 4088 ΗΑιιυ.
1801 4033 2110 4086 sementiva.
2131 4059 2154 4080 ι
2185 4033 2370 4086 Han.
2741 4042 2749 4052 '
