2984 5009
701 476 843 571 198

1220 478 1297 548 C.
1355 477 1699 548 PLINII
1753 477 1970 544 NAT.
2027 477 2287 544 HIST.
2386 553 2389 556 ⁴

683 633 724 676 a
765 607 1046 701 conjuge
1076 607 1236 700 ejus.
1277 610 1380 676 Ita
1424 607 1768 679 descendit
1793 607 2109 676 hieratica
2141 608 2213 674 in
2250 609 2523 676 tertium
2556 631 2821 676 nomen.

680 714 1064 782 Proximum
1120 699 1733 808 amphitheatricae⁶
1778 713 2007 782 datum
2064 713 2282 781 fuerat
2330 735 2369 780 a
2422 713 2827 783 confecturae

681 819 853 890 loco.
891 821 1174 915 Excepit
1202 821 1377 890 hanc
1413 825 1646 890 Romae
1676 821 1907 889 Fannii
1950 818 2187 913 sagax⁷
2238 818 2549 904 officina,
2595 835 2830 889 tenua·

679 943 949 1021 tamque
977 927 1239 996 curiosa
1261 927 1773 1024 interpolatione
1802 911 2267 1024 principalem⁸
2288 925 2446 995 fecit
2474 953 2512 996 e
2534 925 2830 1022 plebeia,

681 1047 748 1102 et
782 1031 1071 1105 nomen⁹
1107 1035 1168 1103 ei
1204 1031 1406 1104 dedit.
1449 1036 1620 1124 Quae
1657 1057 1797 1102 non
1833 1047 2002 1102 esset
2036 1034 2127 1100 ita
2164 1048 2469 1108 recurata
2490 1083 2513 1118 ,
2535 1031 2671 1104 in¹⁰
2704 1058 2831 1102 suo

681 1141 923 1210 mansit
947 1141 1521 1235 amphitheatrica.
1564 1145 1721 1210 Post
1753 1141 1929 1209 hanc
1964 1140 2239 1222 Saitica,
2264 1138 2361 1206 ab
2394 1138 2680 1234 oppido,
2712 1139 2829 1208 ubi

681 1248 972 1316 maxima
1031 1245 1369 1334 fertilitas,
1422 1273 1505 1318 ex
1560 1243 1964 1316 vilioribus¹¹
2007 1246 2322 1313 ramentis
2360 1270 2375 1312 :
2419 1246 2835 1340 propiorque

681 1354 1050 1427 etiamnum
1079 1355 1313 1424 cortici
1339 1349 1701 1425 Leneotica
1725 1351 1796 1439 ¹²,
1828 1377 1869 1422 a
1892 1353 2112 1424 vicino
2144 1349 2293 1420 loco
2311 1405 2331 1438 ,
2361 1349 2661 1445 pondere
2688 1352 2833 1445 jam

676 1459 820 1528 haec
844 1511 863 1544 ,
919 1485 1057 1529 non
1108 1459 1436 1548 bonitate,
1499 1459 1770 1528 venalis.
1832 1461 2011 1529 Nam
2058 1443 2527 1551 emporetica¹³
2578 1457 2835 1527 inutilis

677 1565 1026 1642 scribendo
1049 1617 1070 1650 ,
1107 1565 1466 1637 involucris
1498 1567 1881 1646 chartarum
1897 1552 2519 1666 ,tsegestriumque¹⁴
2550 1565 2617 1632 in
2652 1589 2835 1634 mer-

759 1835 812 1884 6.
842 1827 1286 1901 Amphitloeatricoe‘.
1314 1831 1397 1885 Ita
1428 1831 1553 1885 libri
1584 1851 1702 1888 om-

675 1903 786 1964 nes.
815 1911 883 1964 Et
911 1911 1072 1965 fuisse
1097 1931 1222 1968 sane
1253 1911 1703 1982 amphitheatrum

677 1988 1029 2056 Alexandria,
1052 1983 1161 2045 tota
1182 1990 1383 2044 divitiis
1404 1989 1704 2056 diffluente,

677 2070 845 2123 simile
868 2070 982 2123 veri
1006 2083 1100 2125 est.
1131 2071 1344 2124 Frustra
1372 2069 1702 2124 Guillandin.

677 2151 990 2202 arthribiticoe
1015 2169 1273 2222 reponere
1301 2151 1706 2212 nstitui-,Hmm

761 2249 817 2305 7,
873 2231 1060 2284 Fanm'i
1107 2251 1266 2302 sagax
1307 2230 1521 2301 offic-lna.
1571 2232 1709 2283 Rhe·-

677 2311 890 2365 mnium
933 2309 1197 2365 Fannium
1238 2310 1593 2364 Palaemonem
1646 2310 1729 2379 ιί-ν

675 2391 919 2462 gnificat,
950 2391 1042 2464 qui
1059 2430 1073 2454 ,
1103 2405 1164 2445 ut
1185 2391 1256 2444 ait
1282 2389 1625 2463 Tranquillus
1648 2389 1706 2440 in

677 2470 1054 2526 Grammaticis
1102 2471 1427 2534 illustribus,
1468 2469 1713 2524 officinas

675 2549 1396 2621 promercaliumchartarum
1417 2562 1470 2601 et
1486 2549 1711 2601 vestium

681 2629 948 2694 exercuit,
975 2647 1136 2682 verna
1159 2629 1429 2694 mulieris,
1472 2627 1567 2680 sed
1598 2646 1709 2680 ma-

678 2708 976 2768 numissus,
1027 2709 1331 2779 principem
1353 2708 1535 2760 locum
1572 2708 1711 2760 inter

680 2786 1034 2858 grammaticas
1063 2787 1307 2842 doctores
1327 2786 1578 2859 adeptus,
1618 2786 1711 2841 sed

678 2865 908 2921 libidine
933 2880 986 2920 et
1011 2866 1156 2920 vitiis
1186 2867 1434 2920 omnibus
1471 2880 1583 2920 tam
1626 2867 1711 2920 in-

681 2946 870 3008 famis,
899 2959 960 2998 ut
972 2947 1223 3000 Tiberius
1257 2959 1310 2999 et
1343 2945 1600 3002 Claudius
1624 2965 1715 3018 pa-

681 3026 786 3078 lam
812 3025 1120 3080 dictitarent
1145 3026 1350 3079 nemini
1385 3027 1561 3079 minus
1580 3045 1711 3096 pue·

681 3123 867 3158 rorum
911 3123 971 3159 ac
1012 3109 1266 3177 juvenum
1323 3105 1711 3160 institutionem

681 3185 1162 3244 commendandam
1196 3206 1210 3238 z
1251 3187 1565 3258 arrogantia
1605 3199 1712 3239 tam

681 3265 980 3330 insolentis,
1024 3280 1086 3320 ut
1135 3267 1436 3322 Varronem
1484 3283 1713 3337 porcum

684 3345 1010 3416 appellaret,
1040 3364 1222 3400 secum
1259 3361 1405 3400 natas
1448 3359 1505 3398 et
1548 3345 1714 3398 mori·

685 3439 830 3478 turas
894 3425 1100 3480 litteras
1164 3426 1483 3497 gloriaretur
1510 3443 1527 3490 J
1582 3423 1713 3496 quin

685 3507 847 3560 etiam
874 3506 1107 3560 latrones
1135 3505 1424 3578 aliquando
1456 3503 1557 3557 sibi
1592 3523 1716 3575 pro·

683 3598 803 3654 pter
847 3585 1079 3640 nominis
1113 3585 1470 3640 celebritatem
1522 3602 1713 3655 peper-

686 3665 816 3716 cisse
856 3684 869 3718 :
912 3685 1111 3720 nomen
1168 3678 1422 3738 praeterea
1473 3681 1629 3718 suum
1685 3681 1716 3716 a

686 3744 915 3814 Virgilio
964 3764 1074 3800 non
1119 3758 1316 3798 temere
1365 3744 1600 3816 positum
1657 3743 1714 3795 in

685 3823 976 3886 Bucolicis,
1004 3821 1097 3878 sed
1142 3825 1484 3896 prasagiente
1527 3834 1713 3894 poeta,

686 3904 802 3956 fore
829 3920 882 3954 se
906 3902 1192 3975 aliquando
1219 3905 1460 3958 omnium
1496 3921 1713 3974 poema·

685 3995 802 4036 tum
829 3981 1084 4054 judicem.
1113 3985 1247 4037 Du..
1285 4016 1366 4028 —
1399 3983 1597 4042 Fannii.
1631 3983 1712 4034 De

685 4065 726 4120 R
737 4062 951 4116 hemnio
968 4062 1174 4116 Fannio
1187 4065 1504 4126 Palaemone,
1524 4063 1713 4116 Gram-

687 4143 883 4197 matico
909 4143 1156 4197 Vicetino
1185 4141 1250 4208 (is
1271 4144 1413 4198 enim
1441 4143 1549 4194 hoc
1584 4142 1709 4194 loco

1790 1827 2155 1902 intelligitur),
2178 1828 2300 1883 vide
2314 1829 2721 1902 inscriptionem
2744 1849 2837 1882 ve·

1789 1923 1956 1985 terem
1993 1909 2051 1962 in
2081 1907 2481 1982 orthographia
2513 1906 2666 1970 Aldi,
2709 1929 2838 1982 pag.

1792 2009 1905 2062 779
1926 2029 1941 2054 ,
1973 2001 2027 2042 et
2058 1989 2277 2043 Sueton.
2304 1989 2404 2042 lib.
2431 1987 2499 2042 de
2529 1989 2832 2044 illustribus

1790 2069 2031 2125 Gramm.
2058 2069 2243 2123 Hian.

1874 2151 1928 2203 8.
1956 2141 2297 2226 Principalem.
2326 2147 2555 2219 Dignam
2577 2147 2835 2219 principe

1790 2229 1927 2282 loco.
1960 2229 2145 2285 Hann.

1876 2328 1931 2379 9.
1962 2309 2039 2361 Et
2061 2326 2244 2366 nomen.
2278 2307 2354 2361 Ut
2380 2306 2649 2360 Fanniam
2678 2305 2835 2360 diee-

1792 2402 1959 2453 retur,
1980 2407 2096 2461 cap.
2118 2406 2227 2458 seq.
2256 2386 2442 2440 Hum-

1883 2486 1967 2522 10.
2012 2471 2073 2521 ln
2110 2487 2215 2520 suo.
2264 2468 2331 2518 In
2370 2485 2469 2519 suo
2510 2464 2733 2518 nomine
2780 2478 2841 2519 et

1796 2545 2004 2600 ordine.
2039 2547 2225 2600 Hsnn.

1882 2645 1905 2691 1
1924 2646 1972 2683 1.
2022 2627 2111 2680 Ex
2157 2625 2429 2679 vilioribus.
2478 2625 2556 2677 Ex
2600 2623 2840 2699 philyris

1792 2707 2102 2777 postremis,
2140 2706 2595 2777 propioribusque
2620 2703 2839 2758 cortici.

1795 2788 1879 2838 De
1907 2785 2097 2839 Saitica
2124 2787 2438 2858 praefeetura
2466 2784 2608 2837 conf.
2633 2784 2733 2838 lib.
2756 2785 2841 2844 V,

1796 2883 1912 2937 cap.
1948 2884 1999 2935 9.
2028 2867 2212 2935 Hir-u).

1882 2963 1971 2998 12.
2012 2946 2281 2998 Leneotica.
2307 2943 2389 3000 Ita
2416 2943 2568 2996 MSS.
2595 2960 2788 2996 omnes
2810 2983 2831 3008 ,

1796 3026 1925 3095 Reg.
1950 3025 2185 3078 Colbert.
2213 3025 2377 3080 Paris.
2405 3038 2506 3077 etc.
2529 3022 2681 3074 Libri
2708 3023 2833 3077 vul-

1796 3105 1932 3175 gati,
1972 3105 2258 3158 Taeniotica.
2290 3103 2557 3166 Isidorus,
2598 3102 2699 3154 lib.
2722 3103 2777 3152 V
2778 3103 2841 3168 1,

1796 3203 1911 3257 cap.
1956 3202 2019 3238 10
2035 3222 2052 3250 ,
2084 3185 2423 3238 Teneoticam
2463 3182 2631 3253 legit:
2683 3204 2709 3224 ·
2726 3181 2842 3234 Te·

1796 3265 2035 3327 neotica,
2062 3265 2252 3336 inquit,
2279 3284 2306 3317 a
2327 3265 2451 3316 loco
2470 3259 2843 3329 Alexandriae,

1797 3343 1889 3416 qui
1917 3344 1991 3397 ita
2020 3357 2256 3409 vocatur,
2281 3343 2375 3398 ubi
2400 3341 2579 3394 fiebat.
2598 3367 2623 3390 ι
2650 3338 2721 3394 Η.

1886 3421 1973 3478 13.
2006 3425 2333 3493 Emporete’ca.
2360 3418 2602 3474 Isidorus
2640 3420 2749 3473 loc.
2780 3439 2833 3474 c.

1802 3503 2199 3573 «Emporetica,
2240 3501 2385 3575 quod
2426 3519 2487 3554 ea
2515 3518 2723 3554 merces
2749 3501 2841 3552 in-

1797 3584 2104 3648 volvuntur,
2135 3601 2303 3653 quum
2332 3585 2401 3641 sit
2426 3578 2713 3651 scripturis
2732 3582 2846 3634 mi-

1800 3681 1902 3715 nus
1928 3660 2141 3716 idonea.
2170 3688 2194 3709 ι
2231 3656 2419 3712 Ham).

1885 3761 1906 3794 ι
1920 3749 1971 3808 4.
2023 3739 2405 3812 Segestr'iumque
2457 3741 2509 3790 iu
2556 3738 2796 3790 mercibus
2818 3776 2838 3800 ,

1800 3835 1903 3875 etc.
1961 3821 2198 3886 Quidam
2270 3817 2455 3888 legunt
2514 3815 2845 3887 Stegestriesm

1802 3903 1902 3955 ἀπὸ
1945 3905 2030 3953 τοῦ
2075 3903 2294 3971 στέγειν,
2328 3897 2655 3963 σκιπτάζειν,
2686 3901 2846 3951 ›taki-

1798 4001 1959 4042 πτειν.
1982 3981 2218 4034 Varroni
2264 3992 2441 4032 tamen
2476 3975 2731 4047 Segesm'a
2765 3975 2846 4030 di·

1800 4073 1995 4113 cuntur
2024 4073 2305 4113 stramenta
2331 4077 2361 4110 e
2390 4070 2597 4130 segete,
2634 4057 2845 4129 quihus

1798 4141 2009 4195 lecticas
2034 4140 2405 4204 involvebant,
2442 4149 2502 4191 ut
2526 4137 2597 4189 ab
2623 4137 2809 4191 imbre
2825 4175 2841 4203 ,
