2984 5009
723 447 872 519 206
1247 444 1723 515 C.PL1NII
1783 443 2003 514 NAT.
2062 446 2319 514 HIST.

721 593 1054 672 repertos,
1087 580 1162 646 Ρ
1203 577 1553 664 Corneli0‚
1597 578 1674 646 L.
1716 580 1787 646 F.
1818 565 2179 672 Cethegoffi
2224 581 2322 648 M.
2368 577 2617 664 Baebio,
2654 581 2743 669 Q.
2772 583 2837 649 F.

719 683 1105 807 Pamphilo⁷
1175 711 1344 754 coss.
1399 683 1482 754 ad
1542 709 1708 777 quos
1754 708 1793 752 a
1846 709 2055 779 icgno
2101 671 2382 754 Numae⁸
2451 685 2843 780 colliguntur

721 795 880 862 anni
915 790 1209 862 nxxxv⁹
1213 807 1330 878 ‚et
1355 791 1478 860 hos
1518 789 1717 860 fuisse
1754 815 1791 858 e
1832 788 2125 860 charta¹⁰
2148 793 2453 886 ·majore
2492 795 2839 864 etiamnum

723 898 1089 992 miracuIO,
1119 897 1300 992 quod
1335 911 1436 966 tot
1469 895 1700 966 infossi
1742 897 2155 967 duraverunt
2186 900 2375 968 annis
2404 924 2421 967 τ
2448 914 2845 994 quapropter

725 1007 791 1074 in
822 1031 895 1074 re
921 1020 1104 1076 tanta
1141 1005 1342 1099 ipsius
1377 1005 1679 1072 Heminae
1705 1004 1911 1073 verba
1956 1029 2221 1098 ponam.
2260 1005 2684 1076 Mirabantur
2711 1004 2844 1088 alii,

723 1113 1058 1207 quomodo
1112 1109 1205 1180 illi
1259 1108 1408 1180 libri
1461 1109 1703 1180 durare
1753 1111 2176 1206 potuissent:
2236 1110 2345 1181 illc
2386 1113 2481 1182 ita
2534 1113 2845 1182 rationem

725 1219 1090 1290 reddebat:
1157 1217 1444 1313 lapidem
1504 1215 1701 1298 fuisse
1756 1216 2152 1311 quadratum
2208 1220 2473 1305 circiter
2526 1221 2597 1288 in
2646 1217 2846 1288 media

725 1351 881 1396 arca
915 1329 1212 1394 vinctum
1257 1321 1603 1393 candelis¹¹
1648 1349 1919 1418 quoquo
1956 1349 2206 1394 versus.
2259 1326 2343 1393 In
2378 1349 2460 1394 eo
2504 1323 2721 1419 lapide
2759 1327 2847 1392 in·-

725 1457 924 1527 supcr
949 1431 1156 1501 libros
1185 1432 1532 1526 impositos
1568 1429 1763 1502 fuisse
1792 1457 1808 1499 ε
1843 1445 2199 1526 propterea
2226 1431 2535 1502 arbitrari
2578 1455 2691 1500 eos
2726 1456 2845 1500 non

727 1539 1232 1633 computruisse.
1265 1540 1355 1606 Et
1384 1535 1591 1606 libros
1630 1538 1902 1608 citratos
1952 1535 2220 1608 fuissc¹²
2250 1552 2654 1632 :propterea
2682 1538 2846 1607 arbi-

726 1646 964 1714 trarier
1004 1645 1213 1714 tineas
1245 1668 1379 1712 non
1403 1645 1719 1773 tetigisse.
1754 1646 1835 1711 In
1871 1645 1975 1714 his
2018 1643 2201 1713 libris
2230 1645 2475 1740 scripta
2508 1659 2701 1713 erant
2730 1644 2847 1738 phi-

731 1750 1048 1846 losophiae
1081 1735 1627 1845 Pythagoricaess.
1669 1753 1935 1844 Eosque
1980 1751 2365 1821 combustos
2392 1776 2431 1820 a
2454 1749 2580 1840 Q.¹
2586 1739 2847 1820 “Petilio

727 1873 1050 1953 prestere,
1101 1858 1256 1951 quia
1308 1855 1743 1952 philosophiae
1792 1859 2037 1960 scripta
2086 1843 2373 1928 essent⁵
2476 1861 2629 1928 Hoc
2692 1857 2845 1926 idem

813 2053 867 2102 6.
885 2048 952 2100 P.
967 2045 1210 2114 Cornelio,
1234 2049 1295 2100 L.
1318 2049 1382 2102 F.
1399 2048 1612 2118 Cethego
1624 2088 1639 2114 ,
1652 2059 1753 2102 etc.

727 2129 912 2183 Livius
957 2147 1022 2182 eo
1080 2148 1223 2182 anno
1281 2129 1524 2182 consules
1568 2128 1757 2182 scribit

1932 2065 2019 2101 ιι.
2052 2049 2299 2103 condetis.
2339 2047 2386 2100 E
2419 2047 2641 2119 scirpis,
2679 2050 2758 2102 vel
2796 2066 2847 2101 ex

1845 2129 2029 2200 corylo
2050 2165 2069 2192 ‚
2104 2143 2167 2182 ut
2194 2129 2309 2201 ipse
2332 2141 2549 2195 monet,
2576 2129 2673 2184 lib.
2705 2129 2846 2192 XVI,

731 2205 794 2262 C.
849 2209 1090 2262 Baebium
1141 2209 1527 2280 Tamphilum,
1586 2221 1640 2262 et
1676 2207 1751 2260 M.

729 2287 1008 2343 AEmiliurn
1081 2283 1362 2360 Lepidum.
1439 2288 1759 2341 Plutarchus

729 2368 1131 2442 quadringentis
1182 2379 1386 2422 tantum
1436 2365 1589 2421 annis
1638 2379 1759 2439 post

727 2463 954 2522 regnum
987 2450 1175 2500 Numae
1206 2447 1260 2502 id
1287 2443 1539 2501 accidisse
1565 2447 1620 2502 in
1642 2447 1757 2518 ejus

727 2531 834 2583 vita
864 2527 1088 2582 scribit:
1119 2547 1295 2598 neque
1329 2526 1387 2580 id
1425 2527 1622 2579 factum
1654 2527 1757 2579 im-

726 2607 1012 2680 prudentia
1069 2604 1291 2660 bubulci
1343 2606 1563 2659 aratoris
1604 2601 1757 2678 ,qui

728 2695 868 2742 terra
895 2687 1154 2760 proscissa
1182 2684 1310 2739 duas
1349 2705 1497 2740 arcas
1546 2697 1600 2738 et
1645 2705 1755 2740 non

729 2769 894 2821 solam
940 2784 1104 2819 unam
1150 2765 1369 2830 evertit,
1417 2765 1509 2818 sed
1562 2759 1755 2818 alluvie

728 2841 1318 2899 vehementissimorum
1351 2805 1635 2909 imbrium,
1662 2840 1756 2917 qui

729 2926 997 2980 tumulum
1018 2943 1343 2996 perrupere..
1355 2882 1676 2978 Gunzuzi).

814 3025 868 3078 7.
921 3003 1192 3075 Pamphilo.
1239 3003 1320 3057 Ita
1358 3003 1486 3058 libri
1533 3024 1752 3065 omnes,

731 3087 895 3140 etiam
915 3083 1069 3138 MSS.
1092 3083 1315 3137 Gessere
1331 3083 1387 3136 hi
1406 3085 1757 3138 Consulatum

732 3187 780 3223 a.
809 3166 878 3218 U.
913 3165 1046 3235 573,
1069 3164 1222 3216 Livio
1238 3163 1457 3236 quidem
1479 3177 1641 3227 teste,
1660 3162 1757 3217 lib.

729 3243 860 3312 XL,
889 3263 1013 3316 pag.
1043 3243 1144 3310 50,
1172 3244 1268 3296 ubi
1287 3243 1450 3299 Corn.
1472 3243 1759 3307 Lentulus,

733 3341 787 3380 ct
819 3323 1031 3378 Baebius
1070 3321 1380 3404 Pamphilus
1407 3321 1757 3396 appellantur.

733 3403 921 3458 Hum.

817 3488 870 3540 8.
899 3486 954 3538 A
977 3504 1125 3556 regno
1157 3485 1350 3538 Numa.
1380 3481 1466 3534 Ab
1498 3477 1651 3536 initio
1677 3493 1763 3535 re·

735 3567 826 3638 gni
865 3584 877 3618 :
922 3561 1068 3638 quod
1119 3565 1210 3617 ille
1251 3563 1530 3634 capessivit
1588 3582 1636 3616 a.
1684 3563 1761 3616 U.

737 3649 830 3716 37.
857 3641 1042 3696 Ham).

817 3744 872 3793 9.
883 3725 1022 3778 Anm'
1035 3721 1340 3776 DXXXV.
1351 3723 1490 3776 Plut.
1505 3722 1764 3788 inNuma,

736 3797 857 3875 pag.
885 3811 985 3872 74,
1022 3823 1188 3856 annos
1214 3811 1460 3856 numerat
1495 3803 1606 3854 fere
1632 3821 1763 3874 qua·

737 3883 1078 3954 dringentos·
1065 3924 1078 3936 .
1109 3882 1197 3936 scd
1227 3902 1424 3954 magno
1449 3901 1647 3935 errore.
1674 3883 1745 3935 Η.

824 3982 907 4017 10.
951 3963 1002 4014 E
1047 3964 1233 4014 charta.
1276 3964 1413 4028 Quae
1451 3982 1515 4016 ex
1558 3981 1765 4034 papyro

715 4043 988 4119 1AEgyptia
1014 4055 1148 4096 esset
1173 4043 1412 4096 conflata.
1441 4043 1625 4096 Ham).

1845 2226 1965 2279 cap.
1998 2227 2085 2279 70.
2110 2209 2295 2262 Ham).

1934 2305 1957 2342 1
1974 2309 2023 2342 2.
2051 2287 2223 2340 Libros
2243 2293 2458 2342 citratos.
2488 2289 2702 2353 Quibus
2726 2285 2849 2341 vide-

1846 2367 1968 2421 licet
2005 2363 2279 2440 interjecta
2300 2369 2421 2431 citri
2450 2367 2576 2420 solia
2600 2409 2617 2434 ,
2644 2385 2847 2440 quorum

1844 2447 1957 2501 haec
1988 2440 2207 2520 propria
2238 2447 2367 2514 dos,
2406 2460 2467 2501 ut
2488 2457 2719 2522 ‘arceant
2752 2447 2846 2500 ani·

1844 2528 2064 2580 mulium
2115 2529 2273 2582 noxia
2289 2569 2305 2592 ‚
2354 2529 2460 2580 hoc
2502 2541 2583 2580 est
2600 2567 2619 2594 ,
2664 2529 2809 2581 tineas
2833 2562 2848 2589 ,

1844 2607 2293 2678 quemadmodum
2311 2606 2514 2660 dictum
2540 2619 2623 2660 est
2642 2604 2729 2661 lib.
2749 2625 2846 2676 sup.

1844 2706 2009 2758 cap.7
2024 2725 2041 2752 ,
2063 2689 2156 2740 ubi
2184 2686 2308 2740 vide
2325 2688 2511 2760 quaein
2524 2689 2671 2740 notis
2696 2684 2850 2756 adjici-

1843 2784 1962 2820 mus
1978 2810 1993 2832 ,
2022 2763 2091 2819 de
2110 2769 2303 2820 citrosa
2324 2781 2485 2821 veste.
2518 2769 2585 2820 In
2610 2768 2754 2820 libris
2772 2767 2849 2818 ha·

1843 2857 2027 2900 etenus
2060 2846 2213 2900 editis
2237 2887 2252 2912 ,
2302 2847 2521 2899 cedratos
2559 2848 2767 2918 legitur.
2794 2845 2849 2895 At

1844 2927 1997 2980 MSS.
2024 2929 2155 2998 Reg.
2174 2928 2296 2980 Par.
2316 2919 2436 2979 Tol.
2453 2931 2671 2980 citt-atos.
2692 2925 2849 2978 Ηιιιι).

1933 3005 2019 3058 13.
2034 3007 2397 3078 Pythagor-icen.
2412 3003 2627 3072 Livius,
2640 3007 2732 3060 lib.
2747 3005 2852 3067 XL,

1844 3104 1968 3158 pag.
2025 3083 2171 3148 513,
2220 3086 2325 3139 hoc
2373 3085 2550 3158 ipsum
2596 3087 2850 3139 referens:

1854 3163 2113 3238 «Adjicit
2134 3164 2379 3218 Valerius
2408 3163 2630 3230 Antias,
2674 3164 2853 3236 inquit,

1846 3245 2405 3338 libros‘Pythagoricos
2426 3241 2626 3299 fuisse:
2612 3246 2853 3315 ·vulga¹a

1848 3323 2125 3396 opinioni,
2152 3345 2255 3396 qua
2276 3323 2542 3379 creditum
2562 3325 2855 3396 Pythagora

1850 3405 2144 3458 auditorem
2174 3404 2333 3458 fuisse
2360 3399 2591 3458 Numam
2612 3447 2629 3472 ‚
2662 3400 2855 3458 menda·

1852 3480 1937 3537 cio
1966 3482 2235 3556 probabili
2272 3484 2671 3539 accommodata
2696 3483 2807 3537 fide.
2830 3505 2849 3524 ·

1850 3563 2035 3618 Hum-

1940 3649 2031 3709 ¹4·
2076 3644 2131 3696 A
2162 3643 2232 3714 Q.
2262 3643 2462 3697 Petilio.
2503 3645 2721 3708 Livius,
2755 3642 2790 3693 l.
2814 3655 2853 3692 c.

1851 3724 2093 3777 Lactant.
2119 3722 2213 3776 lib.
2248 3725 2303 3792 Ι,
2336 3744 2451 3797 cap.
2482 3744 2581 3790 ²²3
2608 3719 2855 3777 Plutarch.

1851 3801 1909 3856 in
1932 3799 2133 3868 Numa,
2164 3823 2281 3876 pag.
2307 3811 2405 3875 74,
2450 3823 2515 3857 ex
2542 3801 2734 3857 Pisone
2752 3841 2767 3866 ‚
2803 3799 2855 3856 ὣς

1854 3883 2047 3955 {cosp-me
2072 3887 2284 3937 Πιὶσων.
2316 3885 2496 3938 Ham).

1941 3982 1963 4016 1
1979 3962 2008 4016 5
2019 4002 2031 4016 .
2048 3965 2178 4034 Quia
2191 3965 2507 4036 philosophice
2518 3967 2698 4036 scr-{ota
2709 3967 2854 4012 essen!-

1855 4041 1924 4096 Et
1938 4041 2083 4116 quod
2100 4044 2248 4097 lectis
2266 4063 2445 4097 rerum
2475 4044 2695 4098 summis
2706 4039 2853 4095 anim·
