2984 5009
628 2376 635 2383 ·
708 2341 920 2393 evolant
935 2376 953 2403 ,

702 467 839 556 554
1223 473 1299 542 C.
1350 476 1700 545 PLINII
1751 470 1970 546 NAT.
2025 478 2290 547 HIST.

699 606 914 674 noxia.
945 606 1129 695 Quin
1154 620 1223 675 et
1250 607 1318 675 in
1355 609 1498 704 ipsa
1529 608 1769 678 arbore
1793 624 2178 679 nascuntur.
2207 608 2401 677 Ficus
2431 606 2572 677 sola
2593 631 2670 675 ex
2693 630 2806 675 om-

700 714 887 781 nium
928 712 1241 783 arborum
1293 713 1472 801 fetu,
1521 718 1921 786 maturitatis
1961 740 2162 787 causa
2201 712 2610 783 medicauit-¹
2621 718 2636 731 '
2650 714 2804 806 :jam

699 818 962 913 quidem
990 844 1086 950 ³ex
1122 820 1501 915 portentis²‚
1549 824 1861 917 quoniam
1911 824 2166 916 majora
2215 836 2368 891 sunt
2412 822 2622 916 pretia
2677 842 2808 956 prae·

698 911 1034 1019 posteris³.
1088 928 1333 997 Omnia
1376 942 1600 998 autem
1633 928 1915 1000 celerius
1949 942 2304 1000 senescunt
2345 912 2802 1024 proefecunda⁴.

699 1031 882 1120 Quin
926 1047 994 1102 et
1030 1034 1333 1127 protinus
1380 1036 1763 1105 moriuntur
1805 1036 2057 1133 aliqua,
2105 1018 2310 1106 caelo⁵
2365 1032 2804 1104 fecunditatem

688 1148 967 1231 ‘omnem
996 1137 1377 1210 eblandito:
1406 1142 1587 1236 quod
1617 1144 1904 1213 maxime
1939 1142 2186 1213 vitibus
2221 1142 2466 1211 evenit.
2503 1126 2806 1227 (xxviii.)

703 1244 957 1315 Contra
1000 1270 1228 1315 morus
1270 1244 1642 1319 tardissime
1677 1252 1996 1337 senescit,
2038 1248 2264 1320 fructu
2313 1230 2619 1317 minime⁶
2659 1244 2806 1313 labo-

702 1374 875 1420 rans.
912 1351 1130 1421 Tarde
1168 1367 1238 1421 et
1264 1378 1558 1448 quorum
1594 1358 1814 1451 crispa
1857 1358 2206 1427 materies·
2241 1369 2321 1424 ut
2347 1378 2505 1423 acer
2526 1406 2545 1440 ,
2581 1350 2802 1447 palma,

702 1456 1010 1553 populus.
1045 1461 1135 1527 Et
1167 1459 1481 1531 subarata
1518 1486 1722 1556 ocyus
1765 1478 2136 1534 senescunt.
2171 1455 2404 1551 (xxix.
2425 1460 2453 1553 )
2505 1458 2807 1528 Silvestria

702 1578 922 1633 autem
970 1564 1397 1636 tardissime⁷.
1440 1570 1662 1663 Atque
1714 1571 1784 1638 in
1835 1584 2096 1655 totum,
2149 1569 2366 1638 omnis
2405 1590 2566 1636 cura
2624 1561 2810 1633 fertili-

703 1684 907 1738 tatem
968 1657 1257 1763 adjicit⁸‚
1309 1672 1610 1744 fertilitas
1659 1690 1992 1747 senectam
2043 1700 2060 1743 t
2111 1674 2263 1745 ideo
2333 1688 2402 1742 et
2459 1672 2808 1769 praeflorent

704 1775 892 1847 talia⁹
920 1830 940 1864 ‚
1010 1792 1080 1847 et
1146 1782 1664 1874 praegerminant
1695 1836 1715 1870 ,
1804 1797 2004 1877 atque
2075 1782 2146 1849 in
2221 1794 2440 1851 totum
2521 1778 2808 1875 praecocia

782 2020 873 2073 LI.
911 2038 959 2073 ι.
983 2020 1270 2075 Medebatur.
1296 2021 1482 2075 Veluti
1501 2020 1729 2077 Medici·
1901 2014 1953 2078 3‘.
1981 2022 2316 2093 Proeposteris.
2347 2020 2611 2075 serotinis
2650 2030 2698 2071 et
2730 2034 2808 2069 no·

704 2117 773 2153 na
800 2103 1033 2172 juvatur.
1077 2101 1485 2174 caprificatione
1530 2101 1590 2157 id
1635 2103 1728 2165 fit,
1812 2102 2194 2173 vissimis.qun
2207 2102 2528 2156 salubriores
2547 2108 2809 2153 censentur.

706 2198 872 2251 quum
898 2193 1236 2252 putrescente
1274 2180 1511 2254 caprifici
1550 2184 1728 2237 fructu
1821 2184 1968 2237 Infra
1981 2182 2078 2235 lib.-
2106 2182 2329 2246 xxm,
2355 2200 2473 2252 cap.
2507 2200 2562 2252 7.
2590 2181 2716 2231 Du..

706 2260 899 2314 culices
944 2259 1107 2331 geniti
1161 2260 1218 2315 in
1264 2262 1480 2316 urbana
1530 2263 1732 2317 fructus
1899 2269 1952 2328 4.
1989 2261 2332 2330 Proefecunda.
2379 2262 2627 2327 Quorum
2663 2266 2809 2309 coacta

990 2352 1045 2394 et
1070 2340 1306 2395 fructum
1336 2340 1615 2408 mordent,
1653 2343 1730 2397 sic
1815 2342 2212 2396 medicamentis
2244 2339 2542 2395 fecunditas
2571 2350 2676 2402 est,
2715 2352 2810 2408 qu

708 2433 1027 2491 properante
1069 2422 1184 2491 ejus
1230 2422 1550 2476 maturitate.
1587 2420 1730 2475 Vide
1815 2420 2024 2476 domini
2050 2421 2274 2476 aviditas
2300 2420 2370 2476 ad
2401 2421 2720 2475 fertilitatem
2739 2432 2806 2468 oe·

706 2498 803 2551 lib.
822 2500 948 2565 XV,
960 2518 1076 2571 cap.
1111 2519 1200 2572 19.
1229 2503 1369 2558 Du..
1400 2532 1481 2543 -—
1509 2502 1730 2556 Medica·

710 2590 805 2631 eur.
834 2578 1029 2651 Sparso
1051 2579 1121 2633 ad
1140 2579 1351 2635 radices
1376 2581 1610 2647 hordeo,
1637 2582 1734 2634 mi·

708 2658 917 2730 lioque,
947 2672 1190 2731 terraque
1218 2663 1429 2715 obruto.
1454 2660 1592 2727 'Qua
1619 2660 1734 2715 arte

710 2738 849 2791 ficus
863 2740 1155 2809 prasertim
1175 2740 1407 2794 humiles
1428 2758 1492 2794 ac
1513 2742 1732 2811 pumilae

710 2819 767 2869 in
794 2818 928 2871 vasis
950 2818 1198 2872 fictilibus
1227 2832 1349 2873 sata
1378 2820 1731 2875 nutriuntur.

710 2909 763 2949 et
780 2896 933 2951 citius
954 2916 1029 2949 en
1048 2938 1063 2959 ,
1090 2916 1251 2970 quam
1274 2898 1495 2970 relique
1507 2939 1523 2965 ,
1541 2900 1734 2972 germi-

710 2988 841 3029 nant
862 3016 879 3039 ,
922 2989 975 3030 et
1027 2977 1262 3030 fructum
1313 2976 1502 3033 edunt.
1542 2980 1735 3052 Neque

710 3056 855 3108 enim
880 3054 948 3109 de
974 3058 1375 3127 caprificatione
1406 3060 1496 3113 hic
1521 3078 1732 3123 sermo,

710 3148 771 3189 ut
788 3136 1160 3207 Dalecampius
1180 3151 1257 3191 est
1272 3136 1575 3193 arbitratus.
1597 3140 1666 3193 Η.

794 3234 852 3269 a.
876 3217 965 3269 Εε
982 3219 1237 3287 ponentis.
1269 3218 1595 3275 Portentosa
1610 3257 1627 3283 ‚
1651 3220 1735 3273 in·

710 3296 854 3369 quit,
872 3295 1149 3369 cujusdam
1164 3299 1389 3351 luxuria
1408 3312 1487 3353 est
1499 3338 1514 3363 ‚
1530 3302 1735 3371 majore

710 3395 821 3431 esse
843 3378 901 3429 in
918 3377 1095 3448 pretio
1112 3396 1198 3431 eas
1218 3397 1337 3450 quoe
1359 3377 1437 3431 sie
1456 3378 1734 3433 medioat-

710 3470 979 3527 coguntur
996 3455 1066 3511 ad
1082 3459 1443 3513 maturitatem
1461 3497 1478 3523 ‚
1509 3478 1572 3513 ac
1595 3478 1734 3531 prae·

710 3551 919 3606 pestere
944 3556 1044 3591 nec
1076 3537 1311 3610 legitimo
1338 3551 1583 3609 tempore
1611 3558 1734 3610 per-

710 3615 964 3669 ficiuntur
1006 3634 1021 3670 t
1066 3636 1231 3688 quum
1274 3618 1382 3671 sint
1430 3636 1506 3672 en
1559 3620 1736 3672 miuus

712 3696 965 3751 salubres.
976 3696 1181 3750 Plinius
1198 3698 1391 3751 iterum
1403 3697 1500 3752 lib.
1520 3700 1734 3761 xxm,

710 3792 830 3843 cap.
860 3773 931 3827 63
974 3794 988 3828 :
1039 3801 1063 3823 ι
1096 3776 1408 3831 Novissimoe
1435 3778 1568 3832 fleus
1595 3779 1736 3833 salu-

711 3854 946 3919 briores,
944 3860 952 3865 ”
995 3874 1157 3927 quam
1190 3858 1411 3927 primo·
1462 3856 1736 3912 medicata

711 3950 883 3998 vem,
934 3953 1242 4006 numquam.
1290 3938 1738 4010 uDalecampius

710 4012 1097 4075 hallucinatur,
1127 4016 1220 4087 qui
1249 4029 1598 4090 preposteras
1633 4019 1736 4073 hoc

708 4092 829 4144 loco
876 4093 1185 4149 novissimas
1222 4108 1373 4167 putat
1412 4116 1539 4151 esse.
1571 4097 1637 4151 H.

1812 2502 1978 2556 lerius
1995 2520 2154 2575 quam
2175 2520 2274 2573 par
2295 2514 2376 2555 est
2389 2540 2406 2563 .
2449 2510 2650 2554 evocat
2669 2492 2810 2549 Simili

1816 2583 1924 2635 fato
1950 2622 1967 2646 ‚
2013 2583 2284 2653 similique
2335 2583 2474 2635 forte
2529 2577 2599 2633 de
2645 2592 2776 2631 causa
2793 2610 2809 2637 ‚

1823 2662 2042 2716 asenilis
2059 2659 2341 2734 prudentia
2359 2672 2690 2733 promatur-a
2699 2672 2812 2708 ιιια»

1819 2742 1886 2795 tis
1905 2743 2114 2814 signum
2131 2754 2238 2804 est,
2263 2754 2378 2795 »ut
2393 2742 2468 2794 ait
2485 2738 2716 2801 Plinius,
2733 2734 2807 2787 lib.

1821 2822 1962 2887 vn,
1990 2841 2108 2893 cap.
2143 2821 2236 2873 52.
2263 2818 2449 2873 Hann.

1905 2902 1958 2957 5.
1991 2901 2148 2956 Coeto.
2179 2900 2312 2954 Caeli
2351 2912 2408 2953 et
2431 2900 2570 2953 aeris
2599 2892 2806 2965 benigni·

1821 2993 1928 3035 tate
1957 2980 2025 3035 ad
2055 2977 2440 3035 fecunditatem
2465 2980 2678 3033 arbores
2699 2972 2807 3029 iuvi·

1821 3073 1980 3114 tante.
2009 3060 2191 3113 Hsan.

1903 3146 1958 3195 6.
1993 3140 2180 3193 Fracta
2221 3140 2560 3193 mieaime.1ta
2605 3140 2718 3206 Reg.
2757 3152 2806 3194 ι,

1820 3233 1877 3274 et
1911 3220 2036 3276 alii·
2021 3222 2180 3291 ‚.Reg
2215 3238 2280 3283 r,
2319 3218 2478 3274 colb.
2505 3218 2616 3273 Th.
2629 3213 2804 3282 fracm-

1821 3298 1979 3353 Haud
2011 3300 2274 3359 multum.
2301 3296 2510 3369 inquit,
2554 3300 2608 3351 iu
2637 3288 2806 3348 edendo

1821 3380 1998 3433 fructu
2019 3398 2200 3433 morus
2224 3378 2470 3432 laborat:
2497 3376 2622 3431 ideo
2643 3370 2807 3427 tardius

1821 3460 2066 3513 senescit.
2095 3457 2279 3514 Hann.

1903 3558 1957 3610 7.
2022 3537 2270 3591 Silvesm‘a
2339 3550 2502 3591 caten
2563 3534 2804 3589 massan.

1821 3618 2174 3691 Theophrast.
2217 3618 2418 3671 Histor.
2455 3616 2554 3670 lib.
2593 3616 2688 3678 IV,
2713 3626 2806 3680 cap·

1829 3706 1916 3763 ¹4·
1941 3700 2148 3752 Danae.

1905 3780 1959 3833 8.
1993 3778 2168 3831 Omnis
2199 3775 2634 3840 eut-usmaitau·
2651 3770 2802 3841 aedj’c‘t'l'l·
2899 3806 2901 3825 ι

1821 3855 2180 3930 Theophrast.
2196 3856 2265 3911 de
2285 3856 2468 3912 Causs.
2494 3856 2591 3909 lib.
2611 3854 2664 3907 11
2677 3890 2694 3912 ‹-
2713 3864 2802 3917 ap.
2896 3894 2899 3935 Ι

1827 3939 1916 3992 15.
1945 3941 2152 3991 Daue.
2755 4004 2766 4015 .

1903 4037 1954 4087 9.
2007 4018 2293 4089 Praefloreaet
2329 4016 2470 4071 ulia.
2517 4014 2710 4082 Nempe
2733 4002 2800 4057 ΩΙ·

1823 4097 2034 4153 vestr-ia.
2070 4096 2252 4151 Hun.
